<?xml version="1.0" encoding="UTF-8"?>
<!DOCTYPE html PUBLIC "-//W3C//DTD XHTML 1.0 Transitional//EN"
    "http://www.w3.org/TR/xhtml1/DTD/xhtml1-transitional.dtd">
<html xmlns="http://www.w3.org/1999/xhtml" xml:lang="en" lang="en">
 <head>
  <title>
</title>
<meta http-equiv="Content-Type" content="text/html;charset=utf-8" />
  <meta name='ocr-system' content='tesseract 3.04.00' />
  <meta name='ocr-capabilities' content='ocr_page ocr_carea ocr_par ocr_line ocrx_word'/>
</head>
<body>
  <div class='ocr_page' id='page_1' title='image "./qhoratiiflaccio08horagoog_0060.png"; bbox 0 0 2682 4858; ppageno 0'>
   <div class='ocr_carea' id='block_1_1' title="bbox 439 275 525 338">
    <p class='ocr_par' dir='ltr' id='par_1_1' title="bbox 439 275 525 338">
     <span class='ocr_line' id='line_1_1' title="bbox 439 275 525 338; baseline 0.023 -2"><span class='ocrx_word' id='word_1_1' title='bbox 439 275 525 338; x_wconf 84' lang='lat'>44</span> 
     </span>
    </p>
   </div>
   <div class='ocr_carea' id='block_1_2' title="bbox 942 261 2026 355">
    <p class='ocr_par' dir='ltr' id='par_1_2' title="bbox 942 261 2026 355">
     <span class='ocr_line' id='line_1_2' title="bbox 942 261 2026 355; baseline 0.002 -26"><span class='ocrx_word' id='word_1_2' title='bbox 942 261 1031 355; x_wconf 88' lang='lat' dir='ltr'>Q.</span> <span class='ocrx_word' id='word_1_3' title='bbox 1093 262 1565 331; x_wconf 71' lang='lat' dir='ltr'>noRA&#39;rn</span> <span class='ocrx_word' id='word_1_4' title='bbox 1629 262 2026 331; x_wconf 76' lang='lat' dir='ltr'>FLACCI</span> 
     </span>
    </p>
   </div>
   <div class='ocr_carea' id='block_1_3' title="bbox 396 432 2544 1260">
    <p class='ocr_par' dir='ltr' id='par_1_3' title="bbox 439 432 2544 1018">
     <span class='ocr_line' id='line_1_3' title="bbox 439 432 2544 541; baseline -0 -28"><span class='ocrx_word' id='word_1_5' title='bbox 439 441 684 541; x_wconf 77' lang='lat' dir='ltr'>Atque</span> <span class='ocrx_word' id='word_1_6' title='bbox 732 436 873 535; x_wconf 78' lang='lat' dir='ltr'>alii,</span> <span class='ocrx_word' id='word_1_7' title='bbox 925 461 1245 537; x_wconf 81' lang='lat' dir='ltr'>quorum</span> <span class='ocrx_word' id='word_1_8' title='bbox 1292 432 1672 519; x_wconf 72' lang='lat' dir='ltr'><strong>comoedia</strong></span> <span class='ocrx_word' id='word_1_9' title='bbox 1719 434 1957 534; x_wconf 85' lang='lat' dir='ltr'>prisca</span> <span class='ocrx_word' id='word_1_10' title='bbox 2020 435 2346 514; x_wconf 80' lang='lat' dir='ltr'>virorum</span> <span class='ocrx_word' id='word_1_11' title='bbox 2395 459 2544 533; x_wconf 78' lang='lat' dir='ltr'>est,</span> 
     </span>
     <span class='ocr_line' id='line_1_4' title="bbox 439 554 2542 661; baseline -0.002 -28"><span class='ocrx_word' id='word_1_12' title='bbox 439 561 517 633; x_wconf 90' lang='lat' dir='ltr'>Si</span> <span class='ocrx_word' id='word_1_13' title='bbox 567 556 728 659; x_wconf 86' lang='lat' dir='ltr'>quis</span> <span class='ocrx_word' id='word_1_14' title='bbox 781 576 936 630; x_wconf 84' lang='lat' dir='ltr'>erat</span> <span class='ocrx_word' id='word_1_15' title='bbox 987 555 1253 661; x_wconf 88' lang='lat' dir='ltr'>dignus</span> <span class='ocrx_word' id='word_1_16' title='bbox 1307 554 1640 649; x_wconf 82' lang='lat' dir='ltr'>describi,</span> <span class='ocrx_word' id='word_1_17' title='bbox 1686 555 1897 655; x_wconf 71' lang='lat' dir='ltr'>quod&#39;</span> <span class='ocrx_word' id='word_1_18' title='bbox 1929 559 2183 652; x_wconf 86' lang='lat' dir='ltr'>malus,</span> <span class='ocrx_word' id='word_1_19' title='bbox 2213 576 2339 631; x_wconf 85' lang='lat' dir='ltr'>aut</span> <span class='ocrx_word' id='word_1_20' title='bbox 2387 560 2542 653; x_wconf 85' lang='lat' dir='ltr'>fur,</span> 
     </span>
     <span class='ocr_line' id='line_1_5' title="bbox 444 674 2429 777; baseline -0.001 -26"><span class='ocrx_word' id='word_1_21' title='bbox 444 678 667 768; x_wconf 89' lang='lat' dir='ltr'>Quod</span> <span class='ocrx_word' id='word_1_22' title='bbox 716 675 1071 753; x_wconf 87' lang='lat' dir='ltr'>moechus</span> <span class='ocrx_word' id='word_1_23' title='bbox 1120 678 1351 772; x_wconf 86' lang='lat' dir='ltr'>foret,</span> <span class='ocrx_word' id='word_1_24' title='bbox 1405 697 1529 751; x_wconf 83' lang='lat' dir='ltr'>aut</span> <span class='ocrx_word' id='word_1_25' title='bbox 1580 674 1917 771; x_wconf 83' lang='lat' dir='ltr'>sicarius,</span> <span class='ocrx_word' id='word_1_26' title='bbox 1983 701 2108 751; x_wconf 85' lang='lat' dir='ltr'>aut</span> <span class='ocrx_word' id='word_1_27' title='bbox 2157 677 2429 777; x_wconf 83' lang='lat' dir='ltr'>alioqui</span> 
     </span>
     <span class='ocr_line' id='line_1_6' title="bbox 439 796 2541 894; baseline -0.001 -22"><span class='ocrx_word' id='word_1_28' title='bbox 439 801 822 894; x_wconf 76' lang='lat' dir='ltr'>FamosuS,</span> <span class='ocrx_word' id='word_1_29' title='bbox 868 798 1095 871; x_wconf 81' lang='lat' dir='ltr'>multa</span> <span class='ocrx_word' id='word_1_30' title='bbox 1145 826 1314 871; x_wconf 88' lang='lat' dir='ltr'>cum</span> <span class='ocrx_word' id='word_1_31' title='bbox 1366 796 1699 871; x_wconf 80' lang='lat' dir='ltr'>libertate</span> <span class='ocrx_word' id='word_1_32' title='bbox 1749 798 2119 870; x_wconf 84' lang='lat' dir='ltr'>notabant.</span> <span class='ocrx_word' id='word_1_33' title='bbox 2488 804 2541 876; x_wconf 78' lang='grc' dir='ltr'><strong>ὅ</strong></span> 
     </span>
     <span class='ocr_line' id='line_1_7' title="bbox 444 913 2272 1018; baseline -0.002 -25"><span class='ocrx_word' id='word_1_34' title='bbox 444 920 640 993; x_wconf 86' lang='lat' dir='ltr'>Hinc</span> <span class='ocrx_word' id='word_1_35' title='bbox 690 917 927 994; x_wconf 83' lang='lat' dir='ltr'>omnis</span> <span class='ocrx_word' id='word_1_36' title='bbox 975 916 1253 1018; x_wconf 80' lang='lat' dir='ltr'><strong>pendet</strong></span> <span class='ocrx_word' id='word_1_37' title='bbox 1302 916 1635 993; x_wconf 80' lang='lat' dir='ltr'>Lucilius</span> <span class='ocrx_word' id='word_1_38' title='bbox 1683 913 1908 991; x_wconf 85' lang='lat' dir='ltr'>hosce</span> <span class='ocrx_word' id='word_1_39' title='bbox 1959 937 2272 1011; x_wconf 82' lang='lat' dir='ltr'>secutus,</span> 
     </span>
    </p>

    <p class='ocr_par' dir='ltr' id='par_1_4' title="bbox 396 1024 2344 1260">
     <span class='ocr_line' id='line_1_8' title="bbox 396 1024 2344 1139; baseline -0.002 -26"><span class='ocrx_word' id='word_1_40' title='bbox 396 1032 413 1037; x_wconf 62' lang='lat'><strong>‚</strong></span> <span class='ocrx_word' id='word_1_41' title='bbox 441 1038 734 1115; x_wconf 79' lang='lat' dir='ltr'>Mutatis</span> <span class='ocrx_word' id='word_1_42' title='bbox 786 1024 1066 1113; x_wconf 73' lang='lat' dir='ltr'>tantum</span> <span class='ocrx_word' id='word_1_43' title='bbox 1116 1037 1426 1139; x_wconf 86' lang='lat' dir='ltr'>pedibus</span> <span class='ocrx_word' id='word_1_44' title='bbox 1478 1035 1992 1137; x_wconf 83' lang='lat' dir='ltr'>numerisque3</span> <span class='ocrx_word' id='word_1_45' title='bbox 2043 1036 2344 1131; x_wconf 80' lang='lat' dir='ltr'>facetus,</span> 
     </span>
     <span class='ocr_line' id='line_1_9' title="bbox 441 1157 2272 1260; baseline -0.001 -27"><span class='ocrx_word' id='word_1_46' title='bbox 441 1162 838 1234; x_wconf 85' lang='lat' dir='ltr'>Emunctae</span> <span class='ocrx_word' id='word_1_47' title='bbox 891 1158 1121 1256; x_wconf 79' lang='lat' dir='ltr'>naris,</span> <span class='ocrx_word' id='word_1_48' title='bbox 1188 1157 1423 1236; x_wconf 85' lang='lat' dir='ltr'>durus</span> <span class='ocrx_word' id='word_1_49' title='bbox 1476 1180 1927 1260; x_wconf 77' lang='lat' dir='ltr'>componere</span> <span class='ocrx_word' id='word_1_50' title='bbox 1983 1182 2272 1258; x_wconf 69' lang='lat' dir='ltr'>versus,</span> 
     </span>
    </p>
   </div>
   <div class='ocr_carea' id='block_1_4' title="bbox 360 1474 1448 3514">
    <p class='ocr_par' dir='ltr' id='par_1_5' title="bbox 360 1474 1448 3514">
     <span class='ocr_line' id='line_1_10' title="bbox 440 1474 1448 1547; baseline 0.002 -20"><span class='ocrx_word' id='word_1_51' title='bbox 440 1492 551 1547; x_wconf 83' lang='lat' dir='ltr'>gna</span> <span class='ocrx_word' id='word_1_52' title='bbox 612 1475 877 1530; x_wconf 86' lang='lat' dir='ltr'>libertate</span> <span class='ocrx_word' id='word_1_53' title='bbox 944 1474 1316 1543; x_wconf 80' lang='lat' dir='ltr'>notabantur3</span> <span class='ocrx_word' id='word_1_54' title='bbox 1384 1475 1448 1529; x_wconf 83' lang='lat' dir='ltr'>in</span> 
     </span>
     <span class='ocr_line' id='line_1_11' title="bbox 440 1561 1446 1630; baseline 0 -18"><span class='ocrx_word' id='word_1_55' title='bbox 440 1563 622 1613; x_wconf 80' lang='lat' dir='ltr'>media</span> <span class='ocrx_word' id='word_1_56' title='bbox 649 1578 736 1614; x_wconf 84' lang='lat' dir='ltr'>res</span> <span class='ocrx_word' id='word_1_57' title='bbox 777 1578 906 1615; x_wconf 68' lang='lat' dir='ltr'>vere</span> <span class='ocrx_word' id='word_1_58' title='bbox 934 1570 1138 1630; x_wconf 82' lang='lat' dir='ltr'>gestae,</span> <span class='ocrx_word' id='word_1_59' title='bbox 1163 1561 1257 1612; x_wconf 84' lang='lat' dir='ltr'>sed</span> <span class='ocrx_word' id='word_1_60' title='bbox 1300 1561 1446 1612; x_wconf 80' lang='lat' dir='ltr'>fictis</span> 
     </span>
     <span class='ocr_line' id='line_1_12' title="bbox 440 1646 1443 1713; baseline 0.001 -15"><span class='ocrx_word' id='word_1_61' title='bbox 440 1648 791 1713; x_wconf 84' lang='lat' dir='ltr'>nominibus;</span> <span class='ocrx_word' id='word_1_62' title='bbox 849 1646 1096 1713; x_wconf 73' lang='lat' dir='ltr'>innova</span> <span class='ocrx_word' id='word_1_63' title='bbox 1140 1663 1230 1699; x_wconf 83' lang='lat' dir='ltr'>res</span> <span class='ocrx_word' id='word_1_64' title='bbox 1277 1648 1443 1699; x_wconf 77' lang='lat' dir='ltr'>fictae</span> 
     </span>
     <span class='ocr_line' id='line_1_13' title="bbox 439 1731 1442 1799; baseline 0.002 -16"><span class='ocrx_word' id='word_1_65' title='bbox 439 1734 552 1784; x_wconf 88' lang='lat' dir='ltr'>sive</span> <span class='ocrx_word' id='word_1_66' title='bbox 634 1731 857 1784; x_wconf 75' lang='lat' dir='ltr'>fabulae</span> <span class='ocrx_word' id='word_1_67' title='bbox 950 1731 1279 1799; x_wconf 74' lang='lat' dir='ltr'>spectandae</span> <span class='ocrx_word' id='word_1_68' title='bbox 1345 1733 1442 1785; x_wconf 77' lang='lat' dir='ltr'>da·</span> 
     </span>
     <span class='ocr_line' id='line_1_14' title="bbox 437 1817 1444 1886; baseline 0.002 -18"><span class='ocrx_word' id='word_1_69' title='bbox 437 1818 661 1870; x_wconf 78' lang='lat' dir='ltr'>bantur.</span> <span class='ocrx_word' id='word_1_70' title='bbox 786 1817 1036 1885; x_wconf 83' lang='lat' dir='ltr'>Eupolin</span> <span class='ocrx_word' id='word_1_71' title='bbox 1085 1818 1198 1869; x_wconf 77' lang='lat' dir='ltr'>sive</span> <span class='ocrx_word' id='word_1_72' title='bbox 1255 1821 1444 1886; x_wconf 87' lang='lat' dir='ltr'>Eupo·</span> 
     </span>
     <span class='ocr_line' id='line_1_15' title="bbox 440 1901 1442 1972; baseline 0.003 -19"><span class='ocrx_word' id='word_1_73' title='bbox 440 1906 607 1954; x_wconf 76' lang='lat' dir='ltr'>Iidem</span> <span class='ocrx_word' id='word_1_74' title='bbox 662 1901 723 1952; x_wconf 87' lang='lat' dir='ltr'>in</span> <span class='ocrx_word' id='word_1_75' title='bbox 781 1918 988 1970; x_wconf 83' lang='lat' dir='ltr'>magno</span> <span class='ocrx_word' id='word_1_76' title='bbox 1042 1901 1197 1972; x_wconf 79' lang='lat' dir='ltr'>apud</span> <span class='ocrx_word' id='word_1_77' title='bbox 1254 1904 1442 1956; x_wconf 80' lang='lat' dir='ltr'>Hora-</span> 
     </span>
     <span class='ocr_line' id='line_1_16' title="bbox 438 1987 1439 2057; baseline -0.001 -17"><span class='ocrx_word' id='word_1_78' title='bbox 438 1987 582 2040; x_wconf 86' lang='lat' dir='ltr'>tium</span> <span class='ocrx_word' id='word_1_79' title='bbox 639 1987 810 2039; x_wconf 78' lang='lat' dir='ltr'>fuisse</span> <span class='ocrx_word' id='word_1_80' title='bbox 867 1988 1079 2057; x_wconf 83' lang='lat' dir='ltr'>pretio,</span> <span class='ocrx_word' id='word_1_81' title='bbox 1141 1988 1231 2040; x_wconf 81' lang='lat' dir='ltr'>vel</span> <span class='ocrx_word' id='word_1_82' title='bbox 1288 1987 1439 2057; x_wconf 88' lang='lat' dir='ltr'>inde,</span> 
     </span>
     <span class='ocr_line' id='line_1_17' title="bbox 437 2072 1443 2144; baseline 0.002 -20"><span class='ocrx_word' id='word_1_83' title='bbox 437 2072 589 2144; x_wconf 84' lang='lat' dir='ltr'>quod</span> <span class='ocrx_word' id='word_1_84' title='bbox 620 2073 736 2125; x_wconf 85' lang='lat' dir='ltr'>eius</span> <span class='ocrx_word' id='word_1_85' title='bbox 759 2073 964 2142; x_wconf 83' lang='lat' dir='ltr'>scripta</span> <span class='ocrx_word' id='word_1_86' title='bbox 990 2073 1229 2144; x_wconf 83' lang='lat' dir='ltr'>legendo</span> <span class='ocrx_word' id='word_1_87' title='bbox 1259 2073 1443 2126; x_wconf 86' lang='lat' dir='ltr'>otium</span> 
     </span>
     <span class='ocr_line' id='line_1_18' title="bbox 436 2158 1444 2212; baseline 0.002 -3"><span class='ocrx_word' id='word_1_88' title='bbox 436 2160 497 2210; x_wconf 87' lang='lat' dir='ltr'>iu</span> <span class='ocrx_word' id='word_1_89' title='bbox 538 2158 676 2211; x_wconf 71' lang='lat' dir='ltr'>‘villa</span> <span class='ocrx_word' id='word_1_90' title='bbox 716 2176 818 2210; x_wconf 85' lang='lat' dir='ltr'>sua</span> <span class='ocrx_word' id='word_1_91' title='bbox 876 2169 1164 2212; x_wconf 82' lang='lat' dir='ltr'>conterere</span> <span class='ocrx_word' id='word_1_92' title='bbox 1228 2159 1444 2211; x_wconf 82' lang='lat' dir='ltr'>solebat</span> 
     </span>
     <span class='ocr_line' id='line_1_19' title="bbox 437 2243 1440 2317; baseline -0.001 -20"><span class='ocrx_word' id='word_1_93' title='bbox 437 2245 736 2317; x_wconf 76' lang='lat' dir='ltr'>Horatius,</span> <span class='ocrx_word' id='word_1_94' title='bbox 810 2244 1052 2315; x_wconf 82' lang='lat' dir='ltr'>intelligi</span> <span class='ocrx_word' id='word_1_95' title='bbox 1106 2253 1307 2314; x_wconf 86' lang='lat' dir='ltr'>potest.</span> <span class='ocrx_word' id='word_1_96' title='bbox 1364 2243 1440 2299; x_wconf 82' lang='lat' dir='ltr'>cf.</span> 
     </span>
     <span class='ocr_line' id='line_1_20' title="bbox 435 2329 1446 2400; baseline 0.001 -19"><span class='ocrx_word' id='word_1_97' title='bbox 435 2330 569 2383; x_wconf 88' lang='lat' dir='ltr'>infr.</span> <span class='ocrx_word' id='word_1_98' title='bbox 624 2332 740 2383; x_wconf 82' lang='lat' dir='ltr'>Sat.</span> <span class='ocrx_word' id='word_1_99' title='bbox 781 2331 858 2398; x_wconf 88' lang='lat'>11,</span> <span class='ocrx_word' id='word_1_100' title='bbox 900 2329 954 2394; x_wconf 81' lang='grc'>3,</span> <span class='ocrx_word' id='word_1_101' title='bbox 1003 2332 1085 2383; x_wconf 75' lang='grc'>12.</span> <span class='ocrx_word' id='word_1_102' title='bbox 1148 2330 1446 2400; x_wconf 78' lang='lat' dir='ltr'>Cratinum,</span> 
     </span>
     <span class='ocr_line' id='line_1_21' title="bbox 437 2413 1444 2486; baseline 0.002 -19"><span class='ocrx_word' id='word_1_103' title='bbox 437 2415 711 2485; x_wconf 81' lang='lat' dir='ltr'>insignem</span> <span class='ocrx_word' id='word_1_104' title='bbox 741 2454 756 2482; x_wconf 92' lang='lat'>,</span> <span class='ocrx_word' id='word_1_105' title='bbox 839 2413 1091 2484; x_wconf 84' lang='lat' dir='ltr'>plurium</span> <span class='ocrx_word' id='word_1_106' title='bbox 1147 2425 1444 2486; x_wconf 76' lang='lat' dir='ltr'>poetarum</span> 
     </span>
     <span class='ocr_line' id='line_1_22' title="bbox 364 2491 1441 2572; baseline 0.002 -20"><span class='ocrx_word' id='word_1_107' title='bbox 364 2491 370 2506; x_wconf 53' lang='lat'>⁸</span> <span class='ocrx_word' id='word_1_108' title='bbox 438 2518 617 2567; x_wconf 85' lang='lat' dir='ltr'>more,</span> <span class='ocrx_word' id='word_1_109' title='bbox 644 2501 760 2553; x_wconf 80' lang='lat' dir='ltr'>vini</span> <span class='ocrx_word' id='word_1_110' title='bbox 796 2509 850 2553; x_wconf 91' lang='lat' dir='ltr'>et</span> <span class='ocrx_word' id='word_1_111' title='bbox 874 2501 1222 2555; x_wconf 79' lang='lat' dir='ltr'>laudatorem</span> <span class='ocrx_word' id='word_1_112' title='bbox 1253 2511 1312 2555; x_wconf 80' lang='lat' dir='ltr'>et</span> <span class='ocrx_word' id='word_1_113' title='bbox 1338 2519 1441 2572; x_wconf 87' lang='lat' dir='ltr'>po-</span> 
     </span>
     <span class='ocr_line' id='line_1_23' title="bbox 437 2586 1444 2652; baseline 0.001 -13"><span class='ocrx_word' id='word_1_114' title='bbox 437 2597 619 2640; x_wconf 86' lang='lat' dir='ltr'>torem</span> <span class='ocrx_word' id='word_1_115' title='bbox 670 2586 871 2652; x_wconf 78' lang='lat' dir='ltr'>fuisse,</span> <span class='ocrx_word' id='word_1_116' title='bbox 938 2587 1080 2640; x_wconf 63' lang='lat' dir='ltr'>&#39;cum</span> <span class='ocrx_word' id='word_1_117' title='bbox 1138 2604 1206 2640; x_wconf 84' lang='lat' dir='ltr'>cx</span> <span class='ocrx_word' id='word_1_118' title='bbox 1263 2589 1444 2640; x_wconf 82' lang='lat' dir='ltr'>Hora-</span> 
     </span>
     <span class='ocr_line' id='line_1_24' title="bbox 436 2671 1433 2740; baseline -0.001 -14"><span class='ocrx_word' id='word_1_119' title='bbox 436 2672 504 2726; x_wconf 83' lang='lat' dir='ltr'>tii</span> <span class='ocrx_word' id='word_1_120' title='bbox 545 2671 721 2740; x_wconf 85' lang='lat' dir='ltr'>Epist.</span> <span class='ocrx_word' id='word_1_121' title='bbox 767 2672 823 2738; x_wconf 91' lang='lat' dir='ltr'>I,</span> <span class='ocrx_word' id='word_1_122' title='bbox 884 2671 982 2739; x_wconf 86' lang='lat'>19,</span> <span class='ocrx_word' id='word_1_123' title='bbox 1026 2675 1118 2726; x_wconf 77' lang='lat'>12.</span> <span class='ocrx_word' id='word_1_124' title='bbox 1180 2673 1433 2738; x_wconf 77' lang='lat' dir='ltr'>(Prisco,</span> 
     </span>
     <span class='ocr_line' id='line_1_25' title="bbox 360 2758 1439 2836; baseline 0 -27"><span class='ocrx_word' id='word_1_125' title='bbox 360 2822 375 2836; x_wconf 90' lang='lat'>.</span> <span class='ocrx_word' id='word_1_126' title='bbox 439 2758 657 2827; x_wconf 81' lang='lat' dir='ltr'>priscae</span> <span class='ocrx_word' id='word_1_127' title='bbox 701 2758 1026 2811; x_wconf 80' lang='lat' dir='ltr'>comoediae</span> <span class='ocrx_word' id='word_1_128' title='bbox 1085 2768 1318 2828; x_wconf 79' lang='lat' dir='ltr'>poetae,</span> <span class='ocrx_word' id='word_1_129' title='bbox 1387 2759 1439 2810; x_wconf 81' lang='lat' dir='ltr'>si</span> 
     </span>
     <span class='ocr_line' id='line_1_26' title="bbox 439 2843 1441 2912; baseline 0 -17"><span class='ocrx_word' id='word_1_130' title='bbox 439 2845 654 2912; x_wconf 85' lang='lat' dir='ltr'>credis,</span> <span class='ocrx_word' id='word_1_131' title='bbox 700 2843 1003 2896; x_wconf 75' lang='lat' dir='ltr'>Maecenas</span> <span class='ocrx_word' id='word_1_132' title='bbox 1060 2845 1243 2912; x_wconf 78' lang='lat' dir='ltr'>docte,</span> <span class='ocrx_word' id='word_1_133' title='bbox 1306 2845 1441 2896; x_wconf 83' lang='lat' dir='ltr'>Cra-</span> 
     </span>
     <span class='ocr_line' id='line_1_27' title="bbox 438 2915 1442 2999; baseline 0.001 -18"><span class='ocrx_word' id='word_1_134' title='bbox 438 2932 583 2995; x_wconf 76' lang='lat' dir='ltr'>tino,</span> <span class='ocrx_word' id='word_1_135' title='bbox 670 2928 856 2980; x_wconf 83' lang='lat' dir='ltr'>Nulla</span> <span class='ocrx_word' id='word_1_136' title='bbox 909 2931 1130 2999; x_wconf 83' lang='lat' dir='ltr'>placere</span> <span class='ocrx_word' id='word_1_137' title='bbox 1186 2915 1442 2982; x_wconf 44' lang='lat' dir='ltr'>diufnee</span> 
     </span>
     <span class='ocr_line' id='line_1_28' title="bbox 438 3015 1445 3084; baseline 0.004 -18"><span class='ocrx_word' id='word_1_138' title='bbox 438 3017 621 3066; x_wconf 78' lang='lat' dir='ltr'>vivere</span> <span class='ocrx_word' id='word_1_139' title='bbox 663 3015 910 3066; x_wconf 78' lang='lat' dir='ltr'>carmina</span> <span class='ocrx_word' id='word_1_140' title='bbox 961 3028 1219 3084; x_wconf 80' lang='lat' dir='ltr'>possunt,</span> <span class='ocrx_word' id='word_1_141' title='bbox 1284 3016 1445 3084; x_wconf 75' lang='lat' dir='ltr'>Quae</span> 
     </span>
     <span class='ocr_line' id='line_1_29' title="bbox 437 3101 1442 3170; baseline 0.001 -19"><span class='ocrx_word' id='word_1_142' title='bbox 437 3101 744 3153; x_wconf 79' lang='lat' dir='ltr'>scribuntur</span> <span class='ocrx_word' id='word_1_143' title='bbox 820 3118 994 3169; x_wconf 81' lang='lat' dir='ltr'>aquae</span> <span class='ocrx_word' id='word_1_144' title='bbox 1077 3103 1442 3170; x_wconf 49' lang='lat' dir='ltr'>potor-Haud,</span> 
     </span>
     <span class='ocr_line' id='line_1_30' title="bbox 436 3185 1438 3243; baseline 0.006 -6"><span class='ocrx_word' id='word_1_145' title='bbox 436 3198 563 3237; x_wconf 78' lang='lat' dir='ltr'>tum</span> <span class='ocrx_word' id='word_1_146' title='bbox 618 3202 687 3236; x_wconf 87' lang='lat' dir='ltr'>ex</span> <span class='ocrx_word' id='word_1_147' title='bbox 744 3185 1031 3240; x_wconf 86' lang='lat' dir='ltr'>Nicaeneti</span> <span class='ocrx_word' id='word_1_148' title='bbox 1096 3186 1158 3238; x_wconf 89' lang='lat' dir='ltr'>in</span> <span class='ocrx_word' id='word_1_149' title='bbox 1210 3186 1438 3243; x_wconf 60' lang='lat' dir='ltr'>Antholss</span> 
     </span>
     <span class='ocr_line' id='line_1_31' title="bbox 438 3270 1441 3341; baseline 0 -17"><span class='ocrx_word' id='word_1_150' title='bbox 438 3273 642 3325; x_wconf 84' lang='lat' dir='ltr'>Graec.</span> <span class='ocrx_word' id='word_1_151' title='bbox 684 3272 848 3328; x_wconf 82' lang='lat' dir='ltr'>Tom.</span> <span class='ocrx_word' id='word_1_152' title='bbox 891 3273 933 3327; x_wconf 88' lang='lat'>1.</span> <span class='ocrx_word' id='word_1_153' title='bbox 979 3289 1037 3341; x_wconf 86' lang='lat' dir='ltr'>p.</span> <span class='ocrx_word' id='word_1_154' title='bbox 1081 3272 1207 3327; x_wconf 77' lang='lat'>206.</span> <span class='ocrx_word' id='word_1_155' title='bbox 1253 3270 1304 3330; x_wconf 85' lang='lat'>4.</span> <span class='ocrx_word' id='word_1_156' title='bbox 1353 3271 1441 3325; x_wconf 85' lang='lat' dir='ltr'>ed.</span> 
     </span>
     <span class='ocr_line' id='line_1_32' title="bbox 435 3357 1438 3429; baseline -0.002 -20"><span class='ocrx_word' id='word_1_157' title='bbox 435 3358 658 3413; x_wconf 83' lang='lat' dir='ltr'>Iacobs.</span> <span class='ocrx_word' id='word_1_158' title='bbox 714 3364 962 3424; x_wconf 79' lang='lat' dir='ltr'>apparet.</span> <span class='ocrx_word' id='word_1_159' title='bbox 1018 3357 1438 3429; x_wconf 78' lang='lat' dir='ltr'>Aristophanes,</span> 
     </span>
     <span class='ocr_line' id='line_1_33' title="bbox 437 3441 1440 3514; baseline 0.001 -21"><span class='ocrx_word' id='word_1_160' title='bbox 437 3442 595 3495; x_wconf 85' lang='lat' dir='ltr'>cuius</span> <span class='ocrx_word' id='word_1_161' title='bbox 640 3441 962 3494; x_wconf 82' lang='lat' dir='ltr'>comoediae</span> <span class='ocrx_word' id='word_1_162' title='bbox 1019 3457 1172 3494; x_wconf 85' lang='lat' dir='ltr'>nunc</span> <span class='ocrx_word' id='word_1_163' title='bbox 1215 3459 1440 3514; x_wconf 80' lang='lat' dir='ltr'>quoque</span> 
     </span>
    </p>
   </div>
   <div class='ocr_carea' id='block_1_5' title="bbox 434 3526 1502 3581">
    <p class='ocr_par' dir='ltr' id='par_1_6' title="bbox 434 3526 1502 3581">
     <span class='ocr_line' id='line_1_34' title="bbox 434 3526 1502 3581; baseline 0.001 -3"><span class='ocrx_word' id='word_1_164' title='bbox 434 3528 786 3580; x_wconf 82' lang='lat' dir='ltr'>Graecarum</span> <span class='ocrx_word' id='word_1_165' title='bbox 862 3526 1182 3580; x_wconf 83' lang='lat' dir='ltr'>litterarum</span> <span class='ocrx_word' id='word_1_166' title='bbox 1250 3545 1443 3581; x_wconf 74' lang='lat' dir='ltr'>eman-</span> <span class='ocrx_word' id='word_1_167' title='bbox 1493 3540 1502 3549; x_wconf 87' lang='grc'><em>·</em></span> 
     </span>
    </p>
   </div>
   <div class='ocr_carea' id='block_1_6' title="bbox 432 3611 1447 4282">
    <p class='ocr_par' dir='ltr' id='par_1_7' title="bbox 432 3611 1447 4102">
     <span class='ocr_line' id='line_1_35' title="bbox 434 3611 1442 3680; baseline -0.001 -16"><span class='ocrx_word' id='word_1_168' title='bbox 434 3617 520 3664; x_wconf 86' lang='lat' dir='ltr'>tes</span> <span class='ocrx_word' id='word_1_169' title='bbox 559 3612 797 3665; x_wconf 85' lang='lat' dir='ltr'>mirifice</span> <span class='ocrx_word' id='word_1_170' title='bbox 840 3611 1140 3678; x_wconf 81' lang='lat' dir='ltr'>delectant,</span> <span class='ocrx_word' id='word_1_171' title='bbox 1180 3613 1442 3680; x_wconf 80' lang='lat' dir='ltr'>Socratis,</span> 
     </span>
     <span class='ocr_line' id='line_1_36' title="bbox 435 3697 1439 3768; baseline 0 -20"><span class='ocrx_word' id='word_1_172' title='bbox 435 3703 498 3748; x_wconf 87' lang='lat' dir='ltr'>ut</span> <span class='ocrx_word' id='word_1_173' title='bbox 540 3698 673 3749; x_wconf 81' lang='lat' dir='ltr'>satis</span> <span class='ocrx_word' id='word_1_174' title='bbox 731 3707 979 3768; x_wconf 79' lang='lat' dir='ltr'>constat,</span> <span class='ocrx_word' id='word_1_175' title='bbox 1049 3705 1230 3749; x_wconf 77' lang='lat' dir='ltr'>aetate</span> <span class='ocrx_word' id='word_1_176' title='bbox 1285 3697 1439 3755; x_wconf 81' lang='lat' dir='ltr'>vixit.</span> 
     </span>
     <span class='ocr_line' id='line_1_37' title="bbox 433 3783 1443 3853; baseline 0 -19"><span class='ocrx_word' id='word_1_177' title='bbox 433 3783 700 3835; x_wconf 87' lang='lat' dir='ltr'>Ceterum</span> <span class='ocrx_word' id='word_1_178' title='bbox 757 3783 858 3836; x_wconf 84' lang='lat' dir='ltr'>hos</span> <span class='ocrx_word' id='word_1_179' title='bbox 917 3793 1029 3835; x_wconf 88' lang='lat' dir='ltr'>tres</span> <span class='ocrx_word' id='word_1_180' title='bbox 1087 3791 1311 3853; x_wconf 80' lang='lat' dir='ltr'>poetas,</span> <span class='ocrx_word' id='word_1_181' title='bbox 1378 3791 1443 3834; x_wconf 86' lang='lat' dir='ltr'>ut</span> 
     </span>
     <span class='ocr_line' id='line_1_38' title="bbox 434 3866 1441 3938; baseline 0.003 -22"><span class='ocrx_word' id='word_1_182' title='bbox 434 3866 636 3917; x_wconf 85' lang='lat' dir='ltr'>veteris</span> <span class='ocrx_word' id='word_1_183' title='bbox 722 3869 1045 3921; x_wconf 83' lang='lat' dir='ltr'>comoediae</span> <span class='ocrx_word' id='word_1_184' title='bbox 1141 3867 1441 3938; x_wconf 81' lang='lat' dir='ltr'>principes,</span> 
     </span>
     <span class='ocr_line' id='line_1_39' title="bbox 432 3950 1447 4021; baseline 0.002 -17"><span class='ocrx_word' id='word_1_185' title='bbox 432 3950 652 4004; x_wconf 77' lang='lat' dir='ltr'>Persius</span> <span class='ocrx_word' id='word_1_186' title='bbox 695 3968 917 4021; x_wconf 82' lang='lat' dir='ltr'>quoque</span> <span class='ocrx_word' id='word_1_187' title='bbox 949 3952 1296 4007; x_wconf 84' lang='lat' dir='ltr'>coniunctim</span> <span class='ocrx_word' id='word_1_188' title='bbox 1322 3952 1447 4006; x_wconf 85' lang='lat' dir='ltr'>lau-</span> 
     </span>
     <span class='ocr_line' id='line_1_40' title="bbox 436 4035 939 4102; baseline -0.002 -13"><span class='ocrx_word' id='word_1_189' title='bbox 436 4035 531 4089; x_wconf 74' lang='lat' dir='ltr'>dat</span> <span class='ocrx_word' id='word_1_190' title='bbox 569 4037 685 4089; x_wconf 86' lang='lat' dir='ltr'>Sat.</span> <span class='ocrx_word' id='word_1_191' title='bbox 730 4037 776 4102; x_wconf 87' lang='lat'>1,</span> <span class='ocrx_word' id='word_1_192' title='bbox 822 4037 939 4090; x_wconf 78' lang='lat'>123.</span> 
     </span>
    </p>

    <p class='ocr_par' dir='ltr' id='par_1_8' title="bbox 437 4120 1447 4282">
     <span class='ocr_line' id='line_1_41' title="bbox 520 4120 1442 4195; baseline 0.009 -22"><span class='ocrx_word' id='word_1_193' title='bbox 520 4138 575 4175; x_wconf 81' lang='lat' dir='ltr'>v.</span> <span class='ocrx_word' id='word_1_194' title='bbox 620 4120 677 4175; x_wconf 78' lang='lat'>2.</span> <span class='ocrx_word' id='word_1_195' title='bbox 734 4121 910 4191; x_wconf 81' lang='lat' dir='ltr'>Atque</span> <span class='ocrx_word' id='word_1_196' title='bbox 953 4124 1027 4180; x_wconf 88' lang='lat' dir='ltr'>al.</span> <span class='ocrx_word' id='word_1_197' title='bbox 1064 4143 1153 4195; x_wconf 78' lang='lat' dir='ltr'>qu.</span> <span class='ocrx_word' id='word_1_198' title='bbox 1199 4143 1335 4180; x_wconf 83' lang='lat' dir='ltr'>com.</span> <span class='ocrx_word' id='word_1_199' title='bbox 1359 4144 1442 4195; x_wconf 81' lang='lat' dir='ltr'>pr.</span> 
     </span>
     <span class='ocr_line' id='line_1_42' title="bbox 437 4205 1447 4282; baseline 0.004 -23"><span class='ocrx_word' id='word_1_200' title='bbox 437 4225 489 4259; x_wconf 86' lang='lat' dir='ltr'>v.</span> <span class='ocrx_word' id='word_1_201' title='bbox 535 4219 634 4264; x_wconf 79' lang='lat' dir='ltr'>est,</span> <span class='ocrx_word' id='word_1_202' title='bbox 678 4223 783 4277; x_wconf 82' lang='lat' dir='ltr'>pro</span> <span class='ocrx_word' id='word_1_203' title='bbox 835 4205 1089 4278; x_wconf 78' lang='lat' dir='ltr'>vulgari:</span> <span class='ocrx_word' id='word_1_204' title='bbox 1135 4218 1304 4282; x_wconf 82' lang='lat' dir='ltr'>atque</span> <span class='ocrx_word' id='word_1_205' title='bbox 1346 4210 1447 4263; x_wconf 79' lang='lat' dir='ltr'>alii</span> 
     </span>
    </p>
   </div>
   <div class='ocr_carea' id='block_1_7' title="bbox 1521 1459 2540 4281">
    <p class='ocr_par' dir='ltr' id='par_1_9' title="bbox 1527 1459 2536 1801">
     <span class='ocr_line' id='line_1_43' title="bbox 1528 1459 2536 1551; baseline -0.003 -23"><span class='ocrx_word' id='word_1_206' title='bbox 1528 1459 1749 1551; x_wconf 75' lang='lat' dir='ltr'>priscae</span> <span class='ocrx_word' id='word_1_207' title='bbox 1822 1476 2144 1531; x_wconf 82' lang='lat' dir='ltr'>comoediae</span> <span class='ocrx_word' id='word_1_208' title='bbox 2210 1475 2536 1544; x_wconf 74' lang='lat' dir='ltr'>scriptores.</span> 
     </span>
     <span class='ocr_line' id='line_1_44' title="bbox 1530 1550 2531 1632; baseline 0 -21"><span class='ocrx_word' id='word_1_209' title='bbox 1530 1550 1772 1612; x_wconf 68' lang='lat' dir='ltr'>vz‘ro&#39;rum</span> <span class='ocrx_word' id='word_1_210' title='bbox 1827 1562 2071 1614; x_wconf 76' lang='lat' dir='ltr'>abundat</span> <span class='ocrx_word' id='word_1_211' title='bbox 2097 1600 2113 1632; x_wconf 88' lang='lat'>,</span> <span class='ocrx_word' id='word_1_212' title='bbox 2190 1570 2254 1612; x_wconf 88' lang='lat' dir='ltr'>ut</span> <span class='ocrx_word' id='word_1_213' title='bbox 2310 1562 2420 1612; x_wconf 76' lang='lat' dir='ltr'>Sat.</span> <span class='ocrx_word' id='word_1_214' title='bbox 2485 1562 2531 1622; x_wconf 90' lang='lat'>1,</span> 
     </span>
     <span class='ocr_line' id='line_1_45' title="bbox 1532 1646 2536 1716; baseline -0.008 -15"><span class='ocrx_word' id='word_1_215' title='bbox 1532 1647 1616 1713; x_wconf 88' lang='lat'>10,</span> <span class='ocrx_word' id='word_1_216' title='bbox 1694 1647 1775 1700; x_wconf 87' lang='lat'>16.</span> <span class='ocrx_word' id='word_1_217' title='bbox 1850 1649 1981 1713; x_wconf 76' lang='lat' dir='ltr'>Ilei,</span> <span class='ocrx_word' id='word_1_218' title='bbox 2065 1649 2273 1715; x_wconf 77' lang='lat' dir='ltr'>scripta</span> <span class='ocrx_word' id='word_1_219' title='bbox 2334 1646 2536 1716; x_wconf 81' lang='lat' dir='ltr'>quibus</span> 
     </span>
     <span class='ocr_line' id='line_1_46' title="bbox 1527 1733 2348 1801; baseline 0.001 -18"><span class='ocrx_word' id='word_1_220' title='bbox 1527 1733 1812 1785; x_wconf 78' lang='lat' dir='ltr'>comoedia</span> <span class='ocrx_word' id='word_1_221' title='bbox 1840 1735 2039 1801; x_wconf 66' lang='lat' dir='ltr'>prisca</span> <span class='ocrx_word' id='word_1_222' title='bbox 2080 1735 2223 1784; x_wconf 80' lang='lat' dir='ltr'>viris</span> <span class='ocrx_word' id='word_1_223' title='bbox 2257 1745 2348 1784; x_wconf 77' lang='lat' dir='ltr'>est.</span> 
     </span>
    </p>

    <p class='ocr_par' dir='ltr' id='par_1_10' title="bbox 1522 1814 2535 2228">
     <span class='ocr_line' id='line_1_47' title="bbox 1611 1814 2532 1885; baseline -0.004 -15"><span class='ocrx_word' id='word_1_224' title='bbox 1611 1835 1662 1870; x_wconf 75' lang='lat' dir='ltr'>v.</span> <span class='ocrx_word' id='word_1_225' title='bbox 1707 1818 1757 1883; x_wconf 49' lang='grc'>3,.</span> <span class='ocrx_word' id='word_1_226' title='bbox 1847 1819 2052 1885; x_wconf 73' lang='lat' dir='ltr'>dignus</span> <span class='ocrx_word' id='word_1_227' title='bbox 2116 1818 2378 1885; x_wconf 76' lang='lat' dir='ltr'>describi,</span> <span class='ocrx_word' id='word_1_228' title='bbox 2412 1814 2532 1868; x_wconf 84' lang='lat' dir='ltr'>·di-</span> 
     </span>
     <span class='ocr_line' id='line_1_48' title="bbox 1522 1902 2534 1973; baseline -0.001 -20"><span class='ocrx_word' id='word_1_229' title='bbox 1522 1918 1702 1972; x_wconf 77' lang='lat' dir='ltr'>gnus,</span> <span class='ocrx_word' id='word_1_230' title='bbox 1756 1902 1883 1971; x_wconf 81' lang='lat' dir='ltr'>qui,</span> <span class='ocrx_word' id='word_1_231' title='bbox 1947 1903 2127 1973; x_wconf 82' lang='lat' dir='ltr'>qualis</span> <span class='ocrx_word' id='word_1_232' title='bbox 2167 1910 2337 1970; x_wconf 81' lang='lat' dir='ltr'>esset,</span> <span class='ocrx_word' id='word_1_233' title='bbox 2395 1910 2534 1953; x_wconf 80' lang='lat' dir='ltr'>ante</span> 
     </span>
     <span class='ocr_line' id='line_1_49' title="bbox 1522 1987 2535 2057; baseline 0.004 -18"><span class='ocrx_word' id='word_1_234' title='bbox 1522 1987 1818 2040; x_wconf 85' lang='lat' dir='ltr'>homiuum</span> <span class='ocrx_word' id='word_1_235' title='bbox 1861 1989 2051 2040; x_wconf 88' lang='lat' dir='ltr'>oculos</span> <span class='ocrx_word' id='word_1_236' title='bbox 2096 1998 2410 2057; x_wconf 83' lang='lat' dir='ltr'>poneretur.</span> <span class='ocrx_word' id='word_1_237' title='bbox 2446 2014 2535 2027; x_wconf 91' lang='lat'>—·-</span> 
     </span>
     <span class='ocr_line' id='line_1_50' title="bbox 1525 2073 2532 2142; baseline 0.002 -19"><span class='ocrx_word' id='word_1_238' title='bbox 1525 2074 1744 2142; x_wconf 83' lang='lat' dir='ltr'>malus,</span> <span class='ocrx_word' id='word_1_239' title='bbox 1787 2073 1926 2126; x_wconf 83' lang='lat' dir='ltr'>mali</span> <span class='ocrx_word' id='word_1_240' title='bbox 1965 2074 2137 2127; x_wconf 81' lang='lat' dir='ltr'>animi</span> <span class='ocrx_word' id='word_1_241' title='bbox 2177 2073 2381 2142; x_wconf 87' lang='lat' dir='ltr'>homo,</span> <span class='ocrx_word' id='word_1_242' title='bbox 2426 2075 2532 2127; x_wconf 77' lang='lat' dir='ltr'>fla-</span> 
     </span>
     <span class='ocr_line' id='line_1_51' title="bbox 1525 2157 1779 2228; baseline 0.016 -21"><span class='ocrx_word' id='word_1_243' title='bbox 1525 2157 1779 2228; x_wconf 83' lang='lat' dir='ltr'>gitiosus.</span> 
     </span>
    </p>

    <p class='ocr_par' dir='ltr' id='par_1_11' title="bbox 1524 2242 2536 2570">
     <span class='ocr_line' id='line_1_52' title="bbox 1611 2242 2536 2316; baseline 0.004 -21"><span class='ocrx_word' id='word_1_244' title='bbox 1611 2260 1666 2299; x_wconf 77' lang='lat' dir='ltr'>v.</span> <span class='ocrx_word' id='word_1_245' title='bbox 1710 2244 1765 2299; x_wconf 84' lang='grc'>5.</span> <span class='ocrx_word' id='word_1_246' title='bbox 1828 2243 2113 2312; x_wconf 76' lang='lat' dir='ltr'>libertate,</span> <span class='ocrx_word' id='word_1_247' title='bbox 2160 2242 2228 2297; x_wconf 79' lang='lat' dir='ltr'>de</span> <span class='ocrx_word' id='word_1_248' title='bbox 2274 2258 2373 2311; x_wconf 68' lang='lat' dir='ltr'>ea,</span> <span class='ocrx_word' id='word_1_249' title='bbox 2419 2262 2536 2316; x_wconf 81' lang='lat' dir='ltr'>qua</span> 
     </span>
     <span class='ocr_line' id='line_1_53' title="bbox 1527 2324 2532 2398; baseline 0.002 -17"><span class='ocrx_word' id='word_1_250' title='bbox 1527 2329 1649 2398; x_wconf 78' lang='lat' dir='ltr'>quis</span> <span class='ocrx_word' id='word_1_251' title='bbox 1736 2324 1999 2382; x_wconf 81' lang='lat' dir='ltr'>licentior</span> <span class='ocrx_word' id='word_1_252' title='bbox 2078 2340 2136 2383; x_wconf 90' lang='lat' dir='ltr'>et</span> <span class='ocrx_word' id='word_1_253' title='bbox 2223 2331 2345 2382; x_wconf 85' lang='lat' dir='ltr'>sine</span> <span class='ocrx_word' id='word_1_254' title='bbox 2410 2331 2532 2383; x_wconf 83' lang='lat' dir='ltr'>ullo</span> 
     </span>
     <span class='ocr_line' id='line_1_54' title="bbox 1524 2414 2528 2486; baseline 0 -18"><span class='ocrx_word' id='word_1_255' title='bbox 1524 2424 1684 2468; x_wconf 84' lang='lat' dir='ltr'>metu</span> <span class='ocrx_word' id='word_1_256' title='bbox 1773 2414 2016 2469; x_wconf 81' lang='lat' dir='ltr'>aliorum</span> <span class='ocrx_word' id='word_1_257' title='bbox 2095 2416 2232 2471; x_wconf 79' lang='lat' dir='ltr'>vitia</span> <span class='ocrx_word' id='word_1_258' title='bbox 2313 2416 2528 2486; x_wconf 73' lang='lat' dir='ltr'>carpit5</span> 
     </span>
     <span class='ocr_line' id='line_1_55' title="bbox 1525 2491 2428 2570; baseline 0.001 -17"><span class='ocrx_word' id='word_1_259' title='bbox 1525 2517 1658 2556; x_wconf 80' lang='lat' dir='ltr'>nos:</span> <span class='ocrx_word' id='word_1_260' title='bbox 1707 2502 2181 2570; x_wconf 74' lang='lat' dir='ltr'>Freimiithigkeit.</span> <span class='ocrx_word' id='word_1_261' title='bbox 2213 2491 2222 2564; x_wconf 40' lang='lat' dir='ltr'>J</span> <span class='ocrx_word' id='word_1_262' title='bbox 2419 2511 2428 2518; x_wconf 84' lang='lat'><strong><em>&#39;</em></strong></span> 
     </span>
    </p>

    <p class='ocr_par' dir='ltr' id='par_1_12' title="bbox 1524 2585 2535 2898">
     <span class='ocr_line' id='line_1_56' title="bbox 1611 2585 2535 2640; baseline 0.002 -2"><span class='ocrx_word' id='word_1_263' title='bbox 1611 2606 1665 2639; x_wconf 81' lang='lat' dir='ltr'>v.</span> <span class='ocrx_word' id='word_1_264' title='bbox 1708 2586 1760 2638; x_wconf 90' lang='grc'>6.</span> <span class='ocrx_word' id='word_1_265' title='bbox 1832 2586 1983 2638; x_wconf 82' lang='grc' dir='ltr'>Ηίηο</span> <span class='ocrx_word' id='word_1_266' title='bbox 2024 2607 2163 2640; x_wconf 84' lang='lat' dir='ltr'>omn.</span> <span class='ocrx_word' id='word_1_267' title='bbox 2208 2595 2341 2640; x_wconf 87' lang='lat' dir='ltr'>cett.</span> <span class='ocrx_word' id='word_1_268' title='bbox 2384 2585 2535 2640; x_wconf 81' lang='lat' dir='ltr'>Hinc</span> 
     </span>
     <span class='ocr_line' id='line_1_57' title="bbox 1527 2671 2527 2741; baseline -0.001 -17"><span class='ocrx_word' id='word_1_269' title='bbox 1527 2672 1621 2739; x_wconf 84' lang='lat' dir='ltr'>(ab</span> <span class='ocrx_word' id='word_1_270' title='bbox 1661 2671 1770 2739; x_wconf 84' lang='lat' dir='ltr'>his)</span> <span class='ocrx_word' id='word_1_271' title='bbox 1805 2674 1982 2722; x_wconf 84' lang='lat' dir='ltr'>omnis</span> <span class='ocrx_word' id='word_1_272' title='bbox 2014 2672 2206 2741; x_wconf 82' lang='lat' dir='ltr'>(totus)</span> <span class='ocrx_word' id='word_1_273' title='bbox 2253 2674 2527 2740; x_wconf 76' lang='lat' dir='ltr'>Lucilius,</span> 
     </span>
     <span class='ocr_line' id='line_1_58' title="bbox 1524 2758 2534 2828; baseline -0.002 -16"><span class='ocrx_word' id='word_1_274' title='bbox 1524 2760 1695 2812; x_wconf 78' lang='lat' dir='ltr'>hosce</span> <span class='ocrx_word' id='word_1_275' title='bbox 1721 2770 1961 2824; x_wconf 80' lang='lat' dir='ltr'>secutus,</span> <span class='ocrx_word' id='word_1_276' title='bbox 1987 2760 2200 2827; x_wconf 79' lang='lat' dir='ltr'>pendet,</span> <span class='ocrx_word' id='word_1_277' title='bbox 2220 2776 2322 2828; x_wconf 89' lang='lat' dir='ltr'>pro</span> <span class='ocrx_word' id='word_1_278' title='bbox 2337 2758 2534 2828; x_wconf 79' lang='lat' dir='ltr'>vulga-</span> 
     </span>
     <span class='ocr_line' id='line_1_59' title="bbox 1524 2842 2531 2898; baseline 0.001 -1"><span class='ocrx_word' id='word_1_279' title='bbox 1524 2843 1607 2898; x_wconf 82' lang='lat' dir='ltr'>ri:</span> <span class='ocrx_word' id='word_1_280' title='bbox 1664 2842 1767 2896; x_wconf 84' lang='lat' dir='ltr'>hos</span> <span class='ocrx_word' id='word_1_281' title='bbox 1804 2846 1967 2897; x_wconf 87' lang='lat' dir='ltr'>unice</span> <span class='ocrx_word' id='word_1_282' title='bbox 2004 2852 2222 2897; x_wconf 82' lang='lat' dir='ltr'>secutus</span> <span class='ocrx_word' id='word_1_283' title='bbox 2249 2853 2332 2894; x_wconf 80' lang='lat' dir='ltr'>est</span> <span class='ocrx_word' id='word_1_284' title='bbox 2353 2844 2531 2898; x_wconf 88' lang='lat' dir='ltr'>Lucil.</span> 
     </span>
    </p>

    <p class='ocr_par' dir='ltr' id='par_1_13' title="bbox 1521 2928 2537 3511">
     <span class='ocr_line' id='line_1_60' title="bbox 1612 2928 2533 2986; baseline 0 -4"><span class='ocrx_word' id='word_1_285' title='bbox 1612 2948 1669 2984; x_wconf 84' lang='lat' dir='ltr'>v.</span> <span class='ocrx_word' id='word_1_286' title='bbox 1714 2928 1769 2986; x_wconf 85' lang='lat'>7.</span> <span class='ocrx_word' id='word_1_287' title='bbox 1858 2931 1997 2982; x_wconf 76' lang='lat' dir='ltr'>Mut.</span> <span class='ocrx_word' id='word_1_288' title='bbox 2059 2943 2194 2981; x_wconf 77' lang='lat' dir='ltr'>tant.</span> <span class='ocrx_word' id='word_1_289' title='bbox 2238 2939 2370 2985; x_wconf 87' lang='lat' dir='ltr'>cett.</span> <span class='ocrx_word' id='word_1_290' title='bbox 2417 2946 2533 2982; x_wconf 79' lang='lat' dir='ltr'>non</span> 
     </span>
     <span class='ocr_line' id='line_1_61' title="bbox 1531 3014 2535 3086; baseline 0 -18"><span class='ocrx_word' id='word_1_291' title='bbox 1531 3031 1602 3068; x_wconf 88' lang='lat' dir='ltr'>eo</span> <span class='ocrx_word' id='word_1_292' title='bbox 1641 3031 1906 3069; x_wconf 84' lang='lat' dir='ltr'>versuum</span> <span class='ocrx_word' id='word_1_293' title='bbox 1955 3031 2193 3086; x_wconf 84' lang='lat' dir='ltr'>genere,</span> <span class='ocrx_word' id='word_1_294' title='bbox 2282 3030 2392 3083; x_wconf 83' lang='lat' dir='ltr'>quo</span> <span class='ocrx_word' id='word_1_295' title='bbox 2435 3014 2535 3068; x_wconf 74' lang='lat' dir='ltr'>alii</span> 
     </span>
     <span class='ocr_line' id='line_1_62' title="bbox 1527 3100 2534 3169; baseline 0.002 -19"><span class='ocrx_word' id='word_1_296' title='bbox 1527 3100 1947 3154; x_wconf 83' lang='lat' dir='ltr'>comoediarum</span> <span class='ocrx_word' id='word_1_297' title='bbox 2046 3101 2343 3169; x_wconf 83' lang='lat' dir='ltr'>scriptores</span> <span class='ocrx_word' id='word_1_298' title='bbox 2444 3101 2534 3152; x_wconf 85' lang='lat' dir='ltr'>usi</span> 
     </span>
     <span class='ocr_line' id='line_1_63' title="bbox 1526 3184 2534 3254; baseline 0.001 -17"><span class='ocrx_word' id='word_1_299' title='bbox 1526 3184 1757 3237; x_wconf 83' lang='lat' dir='ltr'>fuerunt</span> <span class='ocrx_word' id='word_1_300' title='bbox 1779 3224 1796 3252; x_wconf 95' lang='lat'>,</span> <span class='ocrx_word' id='word_1_301' title='bbox 1886 3186 1984 3239; x_wconf 82' lang='lat' dir='ltr'>sed</span> <span class='ocrx_word' id='word_1_302' title='bbox 2050 3191 2266 3250; x_wconf 82' lang='lat' dir='ltr'>mutato</span> <span class='ocrx_word' id='word_1_303' title='bbox 2333 3193 2534 3254; x_wconf 85' lang='lat' dir='ltr'>metro,</span> 
     </span>
     <span class='ocr_line' id='line_1_64' title="bbox 1523 3270 2534 3336; baseline -0.001 -13"><span class='ocrx_word' id='word_1_304' title='bbox 1523 3270 1857 3324; x_wconf 75' lang='lat' dir='ltr'>hexametro</span> <span class='ocrx_word' id='word_1_305' title='bbox 1902 3289 2064 3336; x_wconf 79' lang='lat' dir='ltr'>usus3</span> <span class='ocrx_word' id='word_1_306' title='bbox 2108 3279 2356 3322; x_wconf 87' lang='lat' dir='ltr'>metrum</span> <span class='ocrx_word' id='word_1_307' title='bbox 2401 3287 2534 3322; x_wconf 87' lang='lat' dir='ltr'>con-</span> 
     </span>
     <span class='ocr_line' id='line_1_65' title="bbox 1524 3355 2537 3431; baseline 0.002 -24"><span class='ocrx_word' id='word_1_308' title='bbox 1524 3365 1633 3409; x_wconf 81' lang='lat' dir='ltr'>stat</span> <span class='ocrx_word' id='word_1_309' title='bbox 1702 3357 1933 3431; x_wconf 69' lang='lat' dir='ltr'>pedibus</span> <span class='ocrx_word' id='word_1_310' title='bbox 1999 3364 2058 3408; x_wconf 88' lang='lat' dir='ltr'>et</span> <span class='ocrx_word' id='word_1_311' title='bbox 2113 3355 2362 3409; x_wconf 80' lang='lat' dir='ltr'>numeris</span> <span class='ocrx_word' id='word_1_312' title='bbox 2412 3356 2537 3409; x_wconf 77' lang='lat' dir='ltr'>sive</span> 
     </span>
     <span class='ocr_line' id='line_1_66' title="bbox 1521 3440 1806 3511; baseline 0.004 -16"><span class='ocrx_word' id='word_1_313' title='bbox 1521 3440 1806 3511; x_wconf 67' lang='lat' dir='ltr'>:rhythmm</span> 
     </span>
    </p>

    <p class='ocr_par' dir='ltr' id='par_1_14' title="bbox 1523 3526 2540 4281">
     <span class='ocr_line' id='line_1_67' title="bbox 1610 3526 2535 3593; baseline 0 -14"><span class='ocrx_word' id='word_1_314' title='bbox 1610 3544 1663 3579; x_wconf 78' lang='lat' dir='ltr'>v.</span> <span class='ocrx_word' id='word_1_315' title='bbox 1747 3528 1798 3581; x_wconf 89' lang='lat'>8.</span> <span class='ocrx_word' id='word_1_316' title='bbox 1853 3526 1944 3592; x_wconf 30' lang='lat'>9..</span> <span class='ocrx_word' id='word_1_317' title='bbox 1993 3537 2275 3579; x_wconf 82' lang='lat' dir='ltr'>emunctae</span> <span class='ocrx_word' id='word_1_318' title='bbox 2357 3527 2535 3593; x_wconf 82' lang='lat' dir='ltr'>naris,</span> 
     </span>
     <span class='ocr_line' id='line_1_68' title="bbox 1526 3610 2540 3684; baseline 0 -20"><span class='ocrx_word' id='word_1_319' title='bbox 1526 3612 1792 3665; x_wconf 80' lang='lat' dir='ltr'>acutioris</span> <span class='ocrx_word' id='word_1_320' title='bbox 1857 3612 2117 3684; x_wconf 84' lang='lat' dir='ltr'>ingenii;</span> <span class='ocrx_word' id='word_1_321' title='bbox 2198 3610 2297 3683; x_wconf 82' lang='lat' dir='ltr'>qui</span> <span class='ocrx_word' id='word_1_322' title='bbox 2365 3611 2540 3666; x_wconf 81' lang='lat' dir='ltr'>habet</span> 
     </span>
     <span class='ocr_line' id='line_1_69' title="bbox 1526 3696 2538 3768; baseline 0.003 -20"><span class='ocrx_word' id='word_1_323' title='bbox 1526 3715 1692 3749; x_wconf 80' lang='lat' dir='ltr'>nares</span> <span class='ocrx_word' id='word_1_324' title='bbox 1737 3713 2042 3765; x_wconf 72' lang='lat' dir='ltr'>emuncms,</span> <span class='ocrx_word' id='word_1_325' title='bbox 2119 3696 2176 3754; x_wconf 85' lang='lat' dir='ltr'>h.</span> <span class='ocrx_word' id='word_1_326' title='bbox 2228 3714 2281 3751; x_wconf 86' lang='lat' dir='ltr'>e.</span> <span class='ocrx_word' id='word_1_327' title='bbox 2326 3712 2538 3768; x_wconf 77' lang='lat' dir='ltr'>purga-</span> 
     </span>
     <span class='ocr_line' id='line_1_70' title="bbox 1523 3781 2537 3848; baseline 0 -14"><span class='ocrx_word' id='word_1_328' title='bbox 1523 3791 1626 3848; x_wconf 79' lang='lat' dir='ltr'>tas,</span> <span class='ocrx_word' id='word_1_329' title='bbox 1642 3781 1910 3838; x_wconf 84' lang='lat' dir='ltr'>odoratur</span> <span class='ocrx_word' id='word_1_330' title='bbox 1935 3784 2150 3846; x_wconf 81' lang='lat' dir='ltr'>acrius;</span> <span class='ocrx_word' id='word_1_331' title='bbox 2181 3781 2331 3848; x_wconf 82' lang='lat' dir='ltr'>quod</span> <span class='ocrx_word' id='word_1_332' title='bbox 2355 3790 2537 3835; x_wconf 82' lang='lat' dir='ltr'>trans-</span> 
     </span>
     <span class='ocr_line' id='line_1_71' title="bbox 1526 3866 2535 3938; baseline 0 -19"><span class='ocrx_word' id='word_1_333' title='bbox 1526 3867 1711 3921; x_wconf 76' lang='lat' dir='ltr'>fertur</span> <span class='ocrx_word' id='word_1_334' title='bbox 1751 3868 1825 3923; x_wconf 81' lang='lat' dir='ltr'>ad</span> <span class='ocrx_word' id='word_1_335' title='bbox 1862 3887 2026 3935; x_wconf 87' lang='lat' dir='ltr'>eum,</span> <span class='ocrx_word' id='word_1_336' title='bbox 2103 3866 2203 3938; x_wconf 81' lang='lat' dir='ltr'>qui</span> <span class='ocrx_word' id='word_1_337' title='bbox 2246 3876 2412 3920; x_wconf 78' lang='lat' dir='ltr'>acute</span> <span class='ocrx_word' id='word_1_338' title='bbox 2451 3868 2535 3919; x_wconf 73' lang='lat' dir='ltr'>vi-</span> 
     </span>
     <span class='ocr_line' id='line_1_72' title="bbox 1529 3952 2538 4019; baseline 0.001 -15"><span class='ocrx_word' id='word_1_339' title='bbox 1529 3952 1652 4019; x_wconf 84' lang='lat' dir='ltr'>det,</span> <span class='ocrx_word' id='word_1_340' title='bbox 1700 3955 1983 4009; x_wconf 80' lang='lat' dir='ltr'>subtiliter</span> <span class='ocrx_word' id='word_1_341' title='bbox 2025 3952 2273 4017; x_wconf 77' lang='lat' dir='ltr'>iudicat3</span> <span class='ocrx_word' id='word_1_342' title='bbox 2319 3952 2538 4005; x_wconf 80' lang='lat' dir='ltr'>homiui</span> 
     </span>
     <span class='ocr_line' id='line_1_73' title="bbox 1529 4037 2537 4108; baseline -0.004 -15"><span class='ocrx_word' id='word_1_343' title='bbox 1529 4055 1804 4095; x_wconf 73' lang='lat' dir='ltr'>emunctae</span> <span class='ocrx_word' id='word_1_344' title='bbox 1833 4037 1838 4040; x_wconf 70' lang='grc'><strong>’</strong></span> <span class='ocrx_word' id='word_1_345' title='bbox 1869 4042 2023 4094; x_wconf 82' lang='lat' dir='ltr'>naris</span> <span class='ocrx_word' id='word_1_346' title='bbox 2081 4038 2383 4108; x_wconf 86' lang='lat' dir='ltr'>opponitur</span> <span class='ocrx_word' id='word_1_347' title='bbox 2435 4038 2537 4090; x_wconf 84' lang='lat' dir='ltr'>ho-</span> 
     </span>
     <span class='ocr_line' id='line_1_74' title="bbox 1526 4122 2534 4193; baseline -0.002 -16"><span class='ocrx_word' id='word_1_348' title='bbox 1526 4141 1622 4177; x_wconf 86' lang='lat' dir='ltr'>mo</span> <span class='ocrx_word' id='word_1_349' title='bbox 1683 4127 1879 4182; x_wconf 70' lang='lat' dir='ltr'>obesae</span> <span class='ocrx_word' id='word_1_350' title='bbox 1940 4127 2132 4193; x_wconf 85' lang='lat' dir='ltr'>nar-is,</span> <span class='ocrx_word' id='word_1_351' title='bbox 2205 4122 2262 4181; x_wconf 82' lang='lat' dir='ltr'>h,</span> <span class='ocrx_word' id='word_1_352' title='bbox 2309 4140 2357 4174; x_wconf 86' lang='lat' dir='ltr'>e.</span> <span class='ocrx_word' id='word_1_353' title='bbox 2401 4123 2534 4175; x_wconf 84' lang='lat' dir='ltr'>insi-</span> 
     </span>
     <span class='ocr_line' id='line_1_75' title="bbox 1523 4209 2533 4281; baseline -0.002 -19"><span class='ocrx_word' id='word_1_354' title='bbox 1523 4209 1681 4281; x_wconf 81' lang='lat' dir='ltr'>piens</span> <span class='ocrx_word' id='word_1_355' title='bbox 1706 4249 1722 4279; x_wconf 89' lang='lat'>,</span> <span class='ocrx_word' id='word_1_356' title='bbox 1800 4211 2058 4264; x_wconf 85' lang='lat' dir='ltr'>inficetus</span> <span class='ocrx_word' id='word_1_357' title='bbox 2080 4246 2099 4278; x_wconf 87' lang='lat'>,</span> <span class='ocrx_word' id='word_1_358' title='bbox 2168 4209 2390 4263; x_wconf 85' lang='lat' dir='ltr'>stultus.</span> <span class='ocrx_word' id='word_1_359' title='bbox 2454 4235 2533 4248; x_wconf 87' lang='lat'>-—</span> 
     </span>
    </p>
   </div>
  </div>
 </body>
</html>
