2682 4858
552 198 1181 280 SATIRARVM
1237 198 1424 265 Lm.
1468 198 1532 279 1,
1597 206 1702 266 10.
2055 205 2180 266 205

90 381 462 465 Interdum
514 378 821 472 urbani,
873 371 1236 475 parcentis
1285 368 1602 466 viribus,
1653 388 1872 470 atque

95 499 565 584 Extenuantis
619 522 736 570 eas
788 496 1149 572 consulto,
1234 490 1669 566 Ridiculum
1722 488 1877 563 acri

88 626 374 705 Fortius
412 640 488 695 et
515 616 785 691 melius
818 643 1116 719 magnas
1150 614 1589 714 plerumque
1624 630 1824 687 secat
1853 634 1990 695 ms».⁸
2090 625 2181 688 15

88 747 239 841 Illi,
294 741 571 839 scripta
617 735 893 836 quibus
946 731 1326 809 comoedia
1380 731 1617 833 prisea
1663 730 1837 806 viris
1892 750 2022 824 est,

90 868 255 942 Hoc
311 863 634 955 stabant,
686 855 835 934 hoc
887 876 1056 930 sunt
1094 853 1466 951 imitandi,
1518 881 1711 957 quos
1746 878 1991 954 neque
2029 852 2191 954 pul.

1444 970 1628 1050 cher

91 1106 616 1206 Hermogenes
666 1123 994 1199 unquam
1042 1097 1258 1203 legit,
1309 1119 1558 1197 neque
1611 1092 1857 1169 simius
1906 1096 2064 1189 iste,

90 1229 225 1310 Nil
287 1245 579 1329 praeter
635 1220 944 1299 Calvum
1009 1236 1089 1292 et
1135 1216 1400 1294 doctus
1466 1231 1758 1290 cantare
1807 1214 2198 1295 Catullum,

98 1523 239 1563 voce
284 1505 530 1560 urbanus
574 1512 632 1558 et
673 1501 966 1556 urbanitas
991 1494 1107 1552 vid.
1190 1510 1366 1566 usque
1421 1492 1496 1548 ad
1550 1491 1726 1548 finem
1766 1493 2025 1565 plausum
2064 1494 2199 1564 fert,

99 1599 321 1649 Erum.
366 1591 427 1643 in
471 1590 626 1644 Clav.
664 1589 807 1658 Cic.)
848 1587 897 1640 is
935 1584 1111 1657 igitur
1193 1580 1308 1635 vid.
1336 1577 1541 1642 Ηιίηᾷ.
1575 1578 1648 1633 ad
1687 1579 1746 1632 h.
1773 1579 1814 1633 l.
1839 1607 1925 1619 —
1949 1582 2215 1651 pulcher,

99 1681 289 1752 parcit
330 1678 573 1744 viribus,
629 1674 689 1729 h.
734 1692 783 1727 e.
829 1690 927 1739 ea,
969 1683 1114 1740 quae

102 1763 340 1838 gravius
403 1771 460 1815 et
509 1760 763 1815 acerbius
819 1755 934 1810 dici
989 1770 1118 1827 pos—

104 1851 254 1919 sint,
311 1857 588 1918 temperat
631 1855 689 1899 et
729 1843 980 1899 consulto
1029 1857 1120 1893 ex·

104 1949 345 2000 τοιιιαις
404 1950 508 2004 per
546 1934 699 2009 pins
736 1927 995 2000 intellige
1035 1923 1122 1978 di·

106 2021 281 2078 cendi
322 2020 444 2074 vim
489 2027 546 2073 et
584 2015 936 2090 gravitatem.

195 2127 254 2163 v.
302 2105 390 2160 15.
479 2117 661 2171 secat,
737 2099 989 2166 dirimit,
1056 2107 1126 2152 ut

104 2196 250 2248 infr.
291 2192 473 2262 Epist.
515 2192 579 2256 1,
655 2188 755 2256 16,
826 2182 914 2240 42.
1002 2183 1123 2252 Quo

109 2281 333 2335 multae
374 2293 720 2348 magnaeque
759 2281 1012 2325 secentur
1034 2271 1125 2321 iu-

86 2370 241 2420 -dice
300 2363 478 2419 lites?
557 2376 777 2416 sensus:
857 2356 919 2410 in
959 2355 1130 2408 rebus

114 2451 317 2524 magni
346 2447 624 2503 momenti
651 2442 976 2499 dirimendis
1002 2441 1131 2512 plus

117 2556 285 2607 saepe
314 2535 535 2599 iocosis,
580 2548 752 2603 quam
784 2528 924 2582 salse
968 2525 1132 2579 dictis

116 2623 388 2679 efficitur.
417 2620 762 2689 plerumque,
804 2612 958 2668 haud
981 2628 1133 2680 raro,

119 2726 285 2779 saepe
302 2744 320 2775 ,
380 2714 452 2759 ut
490 2705 553 2758 in
593 2703 771 2774 Epist.
812 2700 885 2753 ad
924 2699 1032 2753 Pis.
1067 2690 1139 2751 14

122 2806 181 2851 et
221 2795 317 2848 95.

203 2899 260 2935 v.
297 2878 388 2933 16.
448 2876 588 2943 Illi,
631 2874 834 2944 quibus
868 2898 944 2911 -
979 2870 1138 2936 viris,

122 2985 226 3038 pro
273 2962 532 3036 vulgari:
587 2960 676 3013 illi
718 2958 861 3023 viri,
908 2954 1142 3026 quibus3

126 3051 297 3124 plane
317 3089 335 3119 ,
397 3058 466 3100 ut
508 3060 674 3117 supra
715 3046 827 3099 Sat.
869 3045 932 3109 Ι,
972 3037 1044 3108 4,
1085 3039 1139 3093 2.

128 3139 308 3208 Atque
351 3136 494 3201 alii,
538 3149 762 3203 quorum
784 3158 858 3168 —
881 3129 1141 3193 virorum,

1196 1666 1432 1719 fortasse
1487 1665 1624 1738 quia
1676 1667 2064 1736 Hermogenes
2106 1666 2202 1720 Ti-

1199 1750 1403 1824 gellius
1461 1750 1691 1821 pulch
1712 1770 1777 1804 er
1831 1751 2012 1804 videri
2051 1751 2206 1808 vole-

1201 1838 1334 1903 bat,
1394 1835 1487 1889 vel
1526 1835 1752 1905 pulchri
1792 1836 2037 1908 speciem
2070 1836 2212 1891 ridi-

1206 1923 1337 1976 cule
1381 1921 1706 1987 affectabat3
1748 1925 1893 1975 serio
1918 1933 2069 1978 certe
2094 1925 2208 1977 Ho-

1203 2009 1381 2062 ratius
1422 2022 1541 2059 non
1580 2007 1872 2077 pulchrum
1912 2009 2212 2078 appellavit

1204 2097 1661 2163 Hermogenem3
1706 2090 1778 2144 de
1821 2106 2047 2146 cantore
2071 2093 2214 2147 Her-

1207 2197 1440 2249 mogene
1487 2178 1773 2248 Tigellio,
1837 2194 2009 2250 quem
2050 2187 2219 2249 poeta

1206 2282 1360 2335 supr.
1392 2265 1504 2318 Sat.
1535 2265 1596 2332 1,
1638 2263 1709 2331 2,
1752 2262 1806 2319 8.
1832 2273 1895 2317 ut
1921 2264 2041 2317 iam
2065 2280 2219 2316 mor-

1212 2359 1379 2405 tuum
1397 2386 1415 2417 ,
1456 2366 1629 2415 nunc,
1672 2355 1737 2401 ut
1777 2349 1973 2402 vivum
2013 2350 2218 2418 adhuc,

1213 2435 1434 2492 inducit
1453 2475 1470 2506 ,
1514 2434 1626 2489 vid.
1648 2435 1944 2505 Heindorf:
1970 2453 2122 2507 supr.
2149 2435 2221 2489 ad

1215 2524 1328 2578 Sat.
1362 2523 1427 2590 1,
1473 2515 1542 2588 4,
1585 2520 1673 2574 72.
1717 2550 1806 2562 --·
1847 2524 2077 2590 simiae,
2119 2538 2225 2593 per

1217 2608 1437 2660 simiam
1464 2615 1635 2678 poeta
1659 2605 1975 2678 designasse
2001 2607 2226 2662 videtur

1219 2702 1319 2748 aut
1346 2691 1760 2747 modulatorem
1776 2731 1793 2760 ,
1837 2694 1938 2766 qui
1960 2694 2112 2748 simii
2138 2693 2226 2747 in-

1221 2788 1340 2834 star
1367 2777 1604 2833 ridicule
1630 2777 1958 2831 imitabatur
1984 2783 2228 2834 Hermo-

1222 2882 1449 2937 genem,
1493 2872 1592 2917 aut
1618 2862 1796 2916 alium
1817 2865 2099 2936 quendam
2123 2883 2229 2936 pu-

1221 2950 1453 3007 silla.et
1493 2947 1662 3003 foeda
1702 2948 1885 3003 forma
1920 2951 2231 3023 insignem3

1222 3035 1594 3107 posteriorem
1636 3034 2066 3108 explicationem
2097 3053 2235 3089 con-

1224 3122 1420 3175 firmat
1478 3122 1662 3174 Schol.
1727 3120 1885 3192 Cruq.
1945 3136 2097 3175 notat
2147 3119 2233 3173 Μ’.

133 3241 269 3294 pro:
322 3230 498 3291 atque
541 3216 641 3270 alii
679 3215 822 3280 viri,
867 3228 1143 3284 quorum3
1230 3206 1503 3279 quendam
1550 3207 1918 3274 Demetrium,
1963 3226 2123 3280 quem
2154 3206 2236 3257 si-

133 3310 234 3362 uhi
271 3305 408 3360 vide
450 3318 676 3378 quoque
714 3300 784 3354 de
824 3298 1011 3370 prisca
1051 3312 1150 3349 co-
1232 3295 1400 3348 mium
1442 3296 1687 3346 nominat
1725 3307 1943 3362 propter
1968 3291 2238 3361 deformi-

135 3393 380 3449 moedia.
627 3434 637 3449 ,
1235 3392 1408 3433 tatem
1434 3395 1491 3433 net
1520 3380 1731 3432 brevem
1762 3391 2060 3444 staturam3
2124 3388 2243 3430 crat

216 3499 275 3534 v.
311 3474 584 3533 17-19,
637 3472 760 3526 Hoc
789 3470 1047 3536 stabant,
1088 3466 1152 3520 in
1239 3478 1423 3519 autem
1471 3458 2045 3536 δραματοποιός
2090 3463 2148 3515 h.
2190 3479 2241 3515 e.

136 3565 245 3620 liae
272 3582 339 3619 re
356 3562 470 3619 sibi
500 3560 851 3622 constabant,
894 3557 997 3609 hae
1024 3569 1157 3624 par-³
1239 3550 1582 3618 modulator,
1627 3549 1852 3612 histrio,
1900 3559 2053 3598 actor
2065 3547 2243 3614 sabu-

141 3662 226 3706 tes
271 3657 599 3703 constanter
659 3644 991 3706 tuebantur;
1063 3638 1154 3691 ni-
1240 3638 1419 3692 larum
1436 3653 1458 3698 ,·
1500 3636 1583 3689 sic
1624 3631 1856 3705 pusillus
1890 3639 1949 3682 et
1976 3630 2246 3686 deformis

144 3738 193 3791 si
215 3737 342 3808 quis
374 3732 666 3806 explicare
706 3728 903 3782 malit:
945 3726 1057 3779 hac
1089 3739 1157 3777 re
1237 3723 1411 3776 homo
1469 3719 1620 3791 apud
1664 3720 1916 3772 Graecos
1961 3718 2249 3788 πίθηκοςς

144 3823 466 3894 placehant.
551 3818 645 3872 Sic
690 3815 881 3870 Schol.
922 3813 1046 3866 Aer.
1094 3828 1157 3862 ιο
1240 3807 1499 3876 exempla
1557 3803 1715 3858 dedit
1753 3799 2119 3868 Heindorfius
2177 3797 2249 3852 ad
2285 3834 2292 3841 Α

153 3911 274 3978 ipso
317 3908 648 3980 placebant,
719 3901 867 3972 quod
918 3896 1162 3950 ridicula
1239 3893 1391 3957 h.1.;
1417 3891 1487 3945 de
1515 3890 1703 3961 priore
1732 3885 2119 3958 explicatione,
2151 3884 2252 3939 ubi

157 4013 220 4049 eo
261 3995 451 4064 magis
492 3990 838 4051 morderent,
909 4001 1074 4053 quam
1115 3983 1167 4034 si
1245 3979 1439 4034 simius
1466 3977 1557 4030 vel
1579 3977 1746 4028 simia
1762 3973 1831 4027 de
1856 3970 2095 4026 ridiculo
2123 3969 2265 4024 imi-‘

160 4082 315 4135 aeria
356 4078 736 4151 protulissent.
805 4070 1035 4127 Scilicet
1064 4067 1171 4136 sa-
1250 4074 1436 4119 tatere
1478 4061 1685 4115 dicitur
1702 4098 1719 4127 ,
1784 4057 2038 4129 exempla
2078 4057 2252 4109 colle-

168 4165 295 4221 bula
335 4179 492 4220 stare
533 4161 772 4229 dicitur,
816 4158 865 4212 si
908 4156 979 4210 ab
1008 4153 1173 4207 initio
1254 4151 1345 4223 git
1384 4146 1741 4207 Foredlinus
1781 4163 1825 4201 ι.
1868 4163 1924 4201 v.
1958 4143 2145 4197 simia.
2175 4170 2249 4182 —-

1717 4240 1730 4265 'x
