2682 4858
447 256 573 323 108

957 240 1049 333 Q.
1106 227 1571 310 nonam
1622 235 2017 307 FLacm

447 413 783 526 Defingir
800 459 807 468 ·
826 411 1078 492 Rheni
1122 412 1407 489 luteum
1458 432 1717 520 caputi,
1766 410 1952 488 haec
2004 437 2143 515 ego
2186 407 2396 514 ludo,

450 547 658 633 Quae
698 565 838 614 nec
880 538 969 611 in
1004 534 1183 611 aede
1226 552 1494 609 sonent
1534 531 1917 628 certantia,
1968 531 2217 610 iudice
2253 532 2531 630 Tarpa3

449 659 608 739 Nec
660 659 966 735 redeant
1013 658 1275 766 iterum
1329 673 1551 755 atque
1602 652 1874 728 iterum
1923 651 2317 754 spectanda
2375 651 2538 729 the-

1790 773 1980 847 atria.

452 904 737 1004 Arguta
786 895 1181 972 meretrice
1229 916 1477 995 potes,
1529 894 1890 997 Davoque
1941 895 2336 971 Chremeta
2440 865 2539 973 46

451 1020 817 1097 Eludente
869 1043 1117 1091 senem
1139 1071 1161 1108 ,
1214 1041 1459 1091 comes
1487 1015 1790 1115 garrire
1839 1014 2162 1111 libellos,
2451 1029 2456 1038 ’

453 1145 664 1220 Vnus
713 1140 1078 1235 vivorum,
1128 1133 1509 1240 Fundani,
1575 1133 1813 1222 Pollio
1864 1162 2124 1238 regum

451 1456 507 1510 le
547 1456 610 1511 in
661 1433 852 1528 pugna
895 1469 1127 1509 caesum
1172 1451 1484 1522 describit,

453 1540 551 1596 sed
589 1541 783 1612 inepta
825 1540 1198 1609 descriptione
1227 1556 1360 1594 eum
1389 1537 1460 1592 de

451 1628 672 1699 integro
730 1626 889 1696 quasi
936 1624 1124 1677 caedit
1161 1624 1255 1679 vel
1293 1624 1464 1695 iugu-

454 1713 553 1767 lat.
595 1740 686 1754 —-
723 1712 808 1763 Eo
839 1710 960 1764 fere
988 1709 1167 1776 redit,
1212 1708 1367 1782 quod
1390 1707 1464 1762 ad

453 1799 512 1854 h.
556 1797 599 1851 1.
642 1787 960 1850 observavit
1013 1804 1173 1850 vetus
1211 1793 1465 1850 Scholia-

454 1894 565 1938 stes
615 1909 706 1924 -—-
757 1880 984 1937 Scilicet
1023 1881 1196 1934 horno
1236 1880 1464 1952 ineptus

454 1966 683 2038 ineptiis
734 1967 846 2020 suis
897 1969 1140 2020 alterum
1183 1967 1463 2034 iugulare,

455 2054 741 2120 occidere,
788 2071 1013 2106 enecare
1055 2051 1283 2105 dicitur.
1351 2052 1464 2104 De·

447 2140 604 2210 fing.
634 2138 749 2191 Rh.
778 2134 875 2191 lut.
905 2157 1025 2209 cap.
1068 2154 1172 2208 pro
1217 2136 1467 2206 defingit

457 2224 705 2279 offerunt
745 2241 968 2297 quoque
1008 2224 1145 2276 libri
1171 2230 1307 2277 vett.
1344 2221 1463 2289 dif-

446 2311 666 2380 fingit,
709 2326 881 2380 quam
904 2309 1135 2383 quidem
1156 2306 1470 2362 lectionem

457 2404 672 2469 spectat
714 2396 904 2450 Schol.
944 2396 1067 2449 Aer.
1141 2394 1278 2447 Non
1319 2392 1471 2464 quod

456 2484 668 2536 luteum
694 2494 861 2553 caput
884 2483 1055 2536 habet
1077 2481 1329 2547 Rhenus,
1373 2478 1474 2531 sed

460 2569 609 2639 quod
664 2568 872 2620 luteum
918 2568 1073 2636 facit
1149 2565 1466 2635 (diffingit)

458 2657 577 2725 ipse
603 2653 955 2706 describendo
984 2653 1144 2707 male.
1202 2651 1467 2720 Defingit

457 2755 600 2812 pro:
658 2738 951 2805 describit,
1010 2739 1093 2792 ita
1132 2746 1356 2802 tamen,
1402 2744 1468 2790 ut

461 2825 820 2895 descriptioni
846 2824 978 2877 insit
1002 2824 1171 2878 simul
1204 2822 1365 2876 notio
1379 2821 1470 2889 fi-

463 2912 681 2965 ctionis.
729 2939 804 2949 —-
851 2909 1166 2981 Descripsit
1213 2907 1471 2979 turgidus

461 3005 629 3068 poeta
672 2994 935 3049 Rhenum
975 3005 1197 3067 patrem
1237 2994 1350 3062 ita,
1407 3001 1476 3046 ut

464 3082 518 3137 ei
556 3082 756 3134 luteum
799 3094 963 3150 caput
1006 3098 1073 3134 ex
1112 3080 1341 3133 fictione
1371 3078 1476 3131 tri-

462 3169 677 3223 bueret.
721 3192 808 3205 -—
863 3168 1168 3220 Caeterum
1208 3164 1476 3218 Horatius

460 3254 615 3307 hunc
650 3250 936 3305 tumidum
956 3263 1184 3323 poetam
1208 3250 1476 3324 Alpinum

462 3339 596 3394 infr.
641 3354 865 3410 quoque
907 3338 1084 3407 Epist.
1125 3339 1207 3406 11,
1261 3335 1327 3404 3,
1387 3335 1473 3405 18,

462 3425 563 3478 ubi
603 3424 791 3479 Rheni
847 3423 1150 3495 descriptio
1208 3420 1280 3474 ad
1322 3436 1475 3474 assu-

462 3520 552 3565 tos
589 3526 803 3582 pannos
844 3526 1161 3581 purpureos
1202 3507 1472 3573 refertur,

463 3597 770 3666 respexisse
842 3594 1086 3651 videtur.
1150 3622 1224 3635 -
1290 3593 1476 3645 iudice

473 3683 679 3750 Tarpa,
726 3681 1092 3753 Schol.Cr-uq.
1137 3679 1352 3732 Metius
1383 3676 1475 3743 (si-

466 3785 537 3822 ve
580 3767 861 3833 Maecius)
911 3766 1098 3840 Tarpa
1137 3766 1265 3833 suit
1305 3764 1480 3816 iude-v

468 3854 724 3915 criticus,
794 3853 1018 3906 auditor
1059 3853 1309 3905 assiduus
1352 3868 1480 3919 poe-

468 3950 674 3993 matum
732 3950 785 3989 et
838 3953 1156 4009 poetarum,
1232 3938 1296 3991 in
1344 3936 1481 3989 aede

471 4023 744 4094 Apollinis
806 4039 897 4074 seu
955 4027 1285 4094 Musarum,
1370 4040 1476 4094 quo

470 4107 761 4164 convenire
800 4123 989 4177 poetae
1027 4113 1304 4181 solebant,
1348 4128 1478 4162 sua-

473 4214 580 4268 que
618 4194 828 4264 scripta
856 4198 1119 4265 recitare,
1164 4217 1323 4269 quas,
1368 4197 1480 4251 nisa·

1545 1452 1735 1524 Tarpa
1787 1465 1886 1507 aiat
1943 1451 2059 1506 alio
2086 1508 2089 1513 ,
2114 1452 2303 1507 critico
2344 1452 2547 1524 proba-

1542 1552 1762 1606 rentur,
1808 1541 1872 1592 in
1913 1555 2132 1593 scenam
2173 1547 2289 1593 ποτε
2331 1537 2549 1606 defere-

1544 1628 1765 1680 bantur.

1628 1731 1684 1767 v.
1708 1705 1978 1766 41—42.
2019 1711 2230 1781 Arguta
2270 1708 2555 1763 meretrice

1546 1807 1679 1853 cett.
1704 1814 1931 1854 sensus:
1973 1798 2096 1866 Tu,
2135 1795 2410 1863 Fundani,
2456 1794 2556 1865 qui

1543 1887 1695 1938 inter
1753 1882 2170 1936 comoediarum
2229 1882 2556 1952 scriptores,

1546 1970 1645 2041 qui
1665 1985 1817 2022 nunc
1839 1969 2052 2038 vivunt,
2081 1968 2284 2022 unicus
2309 1976 2368 2020 et
2387 1983 2559 2038 prae-

1545 2053 1917 2109 stantissimus
1959 2071 2019 2107 es
2039 2094 2057 2124 ,
2129 2061 2287 2124 potes
2327 2069 2557 2107 comoe-

1548 2141 1669 2193 dias
1712 2140 1991 2208 scrihere,
2033 2140 2098 2193 in
2141 2139 2343 2211 quibus
2375 2149 2564 2193 astuta

1550 2226 1824 2282 meretrix
1849 2235 1904 2280 et
1925 2241 2118 2279 servus
2144 2226 2351 2290 Davus,
2397 2225 2563 2278 frau-

1553 2312 1624 2366 de
1667 2311 1960 2365 dominum
2000 2327 2167 2366 suum
2195 2310 2564 2365 Chremetem

1553 2398 2015 2464 circumveniens,
2057 2396 2366 2468 garrientes
2393 2396 2566 2450 indu-

1554 2492 1773 2538 cuntur.
1815 2511 1904 2527 —-
1959 2496 2220 2551 argutus,
2307 2482 2566 2550 callidus,

1555 2578 1801 2638 astutus,
1845 2579 1912 2622 ut
1953 2568 2088 2623 infr.
2114 2568 2218 2639 Ep.
2245 2568 2293 2636 1,
2340 2566 2427 2636 14,
2472 2563 2566 2621 42.

1556 2669 1784 2724 argutus
1801 2655 1942 2708 calo.
1977 2655 2245 2722 eludente,
2260 2653 2464 2709 fraude
2482 2670 2570 2706 se-

1551 2756 1686 2795 nem
1736 2740 1998 2807 ludente;
2070 2741 2293 2793 eludere
2334 2738 2573 2811 proprie

1555 2827 1762 2897 dicitur
1785 2825 1852 2878 de
1874 2824 2309 2896 gladiatoribus,
2355 2826 2457 2878 ubi
2484 2826 2572 2877 al-

1553 2921 1644 2965 ter
1686 2912 1913 2964 alterius
1954 2911 2137 2963 ictum
2181 2912 2436 2982 corporis
2472 2910 2574 2964 de-

1558 2997 1863 3050 clinatione
1887 2996 2116 3067 effugit:
2138 3027 2205 3036 -
2233 3016 2411 3051 comes
2430 3016 2572 3066 gar-

1558 3085 1670 3137 rire
1699 3084 1937 3152 libellos,
1966 3082 2213 3136 suaviter
2239 3100 2342 3153 pro
2360 3105 2376 3138 z
2403 3081 2576 3135 libel-

1558 3169 1644 3224 los
1674 3169 1982 3238 conficere,
2036 3168 2098 3220 in
2142 3168 2346 3237 quibus
2373 3183 2576 3239 perso-

1557 3272 1667 3308 nae
1690 3254 1999 3325 garrientes
2018 3253 2379 3307 inducuntur.
2405 3272 2569 3319 unus,

1554 3339 2062 3413 praestantissimus
2085 3340 2147 3392 in
2174 3357 2271 3405 eo,
2318 3339 2472 3409 quod
2496 3340 2574 3391 si·

1556 3426 1614 3481 bi
1641 3425 1856 3493 sumsit,
1896 3425 2174 3479 scribendi
2203 3442 2431 3497 genere.
2476 3425 2576 3480 Sic

1554 3511 1689 3565 infr.
1732 3510 1910 3581 Epist.
1935 3515 2020 3580 11,
2062 3509 2129 3578 3,
2174 3510 2262 3565 32.
2311 3512 2577 3580 unussa-

1560 3597 1685 3664 ὗεν,
1765 3596 1829 3649 in
1870 3612 1985 3650 uno
2026 3596 2246 3650 fabrilis
2288 3596 2428 3651 artis
2470 3614 2577 3669 ges-

1559 3697 1697 3736 nere
1761 3683 2286 3752 praestantissimus.
2357 3708 2450 3726 --
2505 3684 2578 3733 de

1562 3766 1877 3833 Fundanio,
1923 3778 1989 3823 ut
2007 3768 2213 3840 insigni
2246 3767 2578 3822 comoedia-

1563 3872 1698 3908 rum
1747 3854 2052 3925 scriptore,
2123 3854 2371 3908 aliorum
2411 3852 2576 3907 testi-

1563 3940 1753 3993 monia
1779 3939 2011 4010 desunt;
2039 3940 2253 3994 mentio
2285 3930 2406 3994 eius
2433 3956 2578 4010 quo-

1561 4043 1676 4099 que
1699 4024 1765 4077 fit
1789 4026 1923 4079 infr.
1952 4028 2066 4080 Sat.
2093 4026 2183 4094 11,
2228 4026 2293 4093 8,
2339 4026 2426 4079 19.
2488 4023 2577 4076 Ad

1563 4111 1774 4164 amicos
1829 4129 1956 4164 suos
2002 4112 2354 4164 Fundanium
2393 4109 2577 4164 refert

1561 4197 1679 4254 Cic.
1723 4196 1798 4251 ad
1844 4198 1953 4268 Qu.
1999 4199 2084 4252 Fr.
2129 4199 2189 4264 1,
2257 4198 2325 4265 2,
2384 4194 2440 4252 8.
2484 4221 2576 4237 ·-
