2682 4858
515 221 1044 297 EPISTOLA
1088 222 1224 294 AD
1264 222 1727 298 PJSONES.

2013 229 2149 305 431

84 401 317 500 Serpit
364 395 575 472 humi
623 414 824 470 tutus
873 395 1179 471 nimium
1228 394 1674 499 timidusque
1723 397 2106 506 procellae.

85 521 220 612 Qui
271 517 549 596 variare
608 516 814 615 cupit
864 543 1020 589 rem
1070 516 1573 620 prodigialiter
1625 543 1865 615 unam,

81 639 530 742 Delphinum
587 635 782 711 silvis
832 635 1195 739 adpingit,
1246 640 1594 714 *fluctibus
1648 667 1928 739 aprum.

2049 656 2145 719 30

80 764 157 837 In
207 760 463 836 vitium
514 755 717 829 ducit
768 758 1025 856 culpae
1077 761 1279 862 fuga,
1332 761 1392 832 si
1444 781 1638 834 caret
1690 781 1863 835 arte.

80 881 468 957 Aemilium
519 878 713 952 circa
760 863 1022 951 ludum
1079 878 1288 953 faber
1339 905 1533 954 unus
1587 901 1660 955 et
1712 906 1995 982 ungues

81 1163 223 1216 nervi
257 1161 448 1232 Defie.
492 1176 599 1228 m,
641 1167 950 1212 sectantem
976 1174 1068 1212 mo

81 1259 327 1301 ornatum
384 1256 445 1300 et
502 1245 771 1300 orationis
812 1253 1072 1298 venusta-

83 1344 184 1386 tem
223 1334 371 1386 vires
417 1330 719 1397 deficiunt3
763 1357 849 1372 -
903 1331 1067 1399 levia,

85 1418 194 1484 (vel
232 1420 454 1485 laevia)
497 1417 762 1487 levigata,
808 1415 1068 1486 expolita,

81 1502 293 1570 limata3
339 1521 492 1573 supr.
543 1502 718 1571 Epist.
752 1504 818 1569 11,
850 1504 905 1569 2,
948 1501 1066 1556 128.

84 1592 230 1642 nimis
272 1607 475 1660 aspera
519 1604 651 1649 sano
678 1588 914 1639 Levabit
951 1589 1067 1639 cul-

87 1688 150 1727 tu.
190 1704 273 1717 -—
335 1677 493 1729 nervi
550 1687 603 1726 et
661 1674 860 1738 animi,
931 1689 1066 1742 pro:

86 1759 231 1830 vires,
273 1762 488 1827 animi3
515 1787 603 1802 -—
642 1775 777 1828 pro:
823 1759 969 1810 levia
1000 1773 1068 1811 ex

87 1847 210 1900 eod.
231 1850 317 1900 Ac
334 1849 372 1899 h
394 1847 502 1898 ill.
531 1849 670 1900 Stat.
703 1845 985 1897 Bentleius
1009 1843 1070 1895 in

89 1940 286 1986 textum
326 1931 548 2001 recepit
593 1931 771 1995 lenia,
827 1929 895 1981 de
937 1946 1066 1981 ora-

89 2018 225 2071 tione
265 2018 521 2071 molliter
557 2025 614 2070 et
652 2013 857 2069 leniter
887 2014 1069 2067 fluen-

91 2113 163 2168 te;
216 2104 312 2157 sed
367 2103 638 2156 orationis
684 2101 888 2153 lenitas
930 2117 1068 2169 quo-

91 2205 186 2259 que
224 2207 338 2244 non
379 2190 682 2261 languere,
724 2185 821 2239 sed
853 2186 907 2238 vi
938 2203 1070 2255 qua-

93 2273 204 2329 dam
245 2284 302 2328 et
343 2274 545 2347 spiritu
585 2273 799 2344 agitata
850 2270 1070 2324 incede·

92 2375 145 2411 re
185 2357 381 2429 debet3
441 2361 574 2412 hinc
625 2360 771 2411 bene
822 2357 949 2410 voci
993 2358 1073 2409 le-

93 2448 176 2498 nia
202 2448 543 2519 respondent
584 2446 736 2498 nervi
782 2456 831 2497 et
869 2444 1073 2505 animi,-

94 2549 227 2600 supr.
267 2535 383 2588 Sat.
414 2535 491 2600 II,
530 2532 580 2601 1,
621 2533 673 2585 2.
718 2531 835 2581 sins
867 2531 1072 2596 nervis,

94 2618 194 2670 sine
232 2620 285 2672 vi
335 2630 395 2673 et
439 2618 732 2689 gravitate.

164 2722 218 2756 v.
236 2705 324 2759 28.
366 2704 554 2773 Serpit
574 2704 727 2754 humi
758 2713 902 2752 tutus
923 2709 1074 2767 cett„

95 2785 182 2857 qui
236 2790 330 2860 (ut
369 2792 576 2843 Horat,
621 2786 873 2858 loquitur
922 2802 1074 2855 supr.

100 2873 192 2928 Od.
231 2876 302 2942 11,
345 2878 432 2944 10,
476 2873 562 2942 3.)
629 2872 875 2925 nimium
916 2872 1073 2924 littus

98 2961 382 3026 premendo
425 2969 621 3013 cautus
650 2958 709 3010 in
753 2958 868 3010 alto
925 2955 1074 3009 mari

99 3046 350 3110 procellas
391 3044 702 3112 horrescit,
764 3043 823 3097 h.
869 3058 914 3095 e.
975 3040 1074 3113 qui

99 3142 199 3182 non
234 3132 406 3186 audet
447 3130 649 3183 altiora
691 3138 746 3182 et
784 3126 1074 3181 sublimio-

99 3228 155 3266 ra
189 3225 457 3289 tangere,
494 3216 670 3269 humo
713 3213 804 3266 vel
846 3211 1073 3265 humili-

101 3301 190 3352 nti
212 3303 405 3358 affixus
430 3312 640 3357 manet.
704 3300 866 3369 Supr.
902 3297 1075 3367 Epi-t.

100 3383 180 3452 Π,
221 3389 270 3453 1,
314 3390 438 3443 250.
481 3402 749 3441 sermones
780 3384 936 3437 humi
961 3399 1076 3436 ser-

102 3484 287 3535 Wes-

174 3574 226 3613 ν.
252 3558 521 3614 29-31.
570 3559 683 3628 Qui
720 3558 944 3611 variare
983 3573 1076 3609 eu·

103 3641 170 3707 pie
206 3655 331 3702 cett.
429 3647 667 3701 Sensus:
737 3644 849 3715 Qui
903 3659 1077 3697 unam

107 3729 431 3803 eandemque
484 3748 635 3797 rem,
695 3727 1075 3782 admirationis

107 3818 389 3871 movendae
463 3833 629 3870 causa
644 3853 661 3884 ,
748 3811 1078 3884 prodigiosis

107 3894 424 3970 imaginibus
447 3902 666 3956 variare
689 3910 745 3953 et
773 3900 1078 3969 distingue-

107 3994 161 4032 re
198 3988 373 4058 cupit,
415 3996 638 4060 praeter
663 3995 931 4040 naturam
954 3982 1083 4036 del:

108 4065 326 4131 phinnm
381 4093 411 4129 e
460 4072 612 4129 mari
668 4072 728 4127 in
782 4071 950 4124 silvas
1016 4077 1076 4123 et

109 4163 293 4221 ‘mun
330 4177 364 4214 u
399 4158 556 4215 silvis
594 4158 656 4211 in
698 4173 856 4212 mare
894 4165 1076 4210 mns-

1152 1157 1345 1231 ponit,
1387 1167 1446 1211 et
1491 1158 1573 1212 sic
1590 1199 1606 1228 ,
1650 1159 1786 1214 dum
1812 1159 2017 1216 vitium
2042 1163 2152 1218 hu-

1152 1244 1406 1299 militatis
1443 1244 1619 1316 fugit,
1675 1246 1915 1301 absurda
1958 1258 2153 1319 captat

1150 1349 1255 1402 pro
1297 1330 1650 1386 sublimibus.
1669 1359 1755 1373 —
1806 1333 1937 1387 Sine
1979 1335 2150 1389 dubio

1149 1420 1286 1470 Hor.
1330 1415 1424 1468 hic
1468 1435 1690 1488 quoque
1715 1427 1958 1489 poetam,
2002 1420 2149 1474 eius-

1152 1502 1306 1556 modi
1329 1501 1573 1556 absurda
1603 1513 1930 1574 sectantem,
1957 1523 2150 1576 respe-

1152 1586 1251 1639 xit.
1292 1614 1382 1628 --
1463 1591 1530 1639 In
1572 1590 1669 1643 vit.
1715 1593 1768 1643 d.
1815 1591 1960 1660 culp.
1991 1592 2148 1661 fug„

1151 1690 1300 1742 supr.
1346 1674 1457 1727 Sat.
1503 1676 1559 1727 1.
1604 1675 1665 1743 2,
1707 1671 1795 1729 24.
1884 1676 2029 1729 Dum
2067 1678 2148 1728 vi-

1157 1771 1276 1808 tant
1320 1762 1478 1812 stulti
1522 1762 1695 1828 vitia,
1749 1763 1812 1813 in
1867 1764 2149 1815 contraria

1156 1859 1393 1898 currunt.
1439 1846 1550 1899 Sat.
1577 1847 1651 1913 11,
1677 1848 1729 1912 2,
1760 1842 1981 1903 54-55.
2020 1868 2147 1902 nam

1143 1928 1365 1996 frustra
1419 1933 1614 1984 vitium
1666 1933 1926 1986 vitaveris
1980 1936 2145 2000 illud,

1157 2017 1217 2067 Si
1254 2029 1307 2066 te
1337 2018 1450 2069 alio
1479 2035 1705 2086 pravum
1730 2020 2030 2073 detorseris.
2060 2047 2149 2061 --

1152 2102 1201 2152 si
1234 2097 1396 2153 'caret
1439 2116 1589 2172 arte,
1641 2103 1688 2156 si
1731 2114 1816 2157 est
1854 2105 2034 2173 iners,
2091 2117 2149 2160 et

1153 2184 1384 2253 stultus,
1448 2189 1546 2258 qui
1595 2188 1702 2242 sibi
1747 2207 1783 2242 a
1824 2189 1960 2243 vitio
2011 2208 2148 2246 con-

1154 2271 1324 2325 trario
1371 2291 1568 2327 cavere
1608 2291 1724 2328 non
1768 2274 1977 2331 didicit.

1238 2375 1294 2413 v.
1319 2357 1580 2414 82—37.
1667 2362 1958 2414 Aemilium
2002 2365 2153 2416 circa

1155 2443 1341 2497 ludum
1385 2454 1514 2499 cett.
1599 2448 1756 2501 Inter
1798 2448 2004 2517 fabros,
2049 2451 2150 2522 qui

1155 2530 1311 2585 circa
1376 2530 1576 2585 ludum
1636 2533 1937 2611 Aemilium
1991 2536 2154 2590 habi-

1154 2625 1304 2685 tant,
1349 2617 1456 2670 erit
1497 2618 1728 2671 fortasse
1772 2619 2005 2690 aliquis,
2050 2624 2152 2692 qui

1155 2702 1378 2769 (umas)
1439 2720 1575 2772 prae
1617 2704 1851 2758 caeteris
1893 2707 2153 2763 omnibus

1154 2804 1371 2859 ungues
1414 2797 1471 2840 et
1504 2788 1705 2843 molles
1737 2791 1971 2860 capillos
2003 2793 2153 2848 mira

1154 2884 1277 2926 arte
1319 2874 1381 2927 in
1419 2882 1603 2928 statua
1644 2875 1836 2945 aliqua
1876 2880 2155 2949 exprimat

1157 2968 1215 3011 et
1267 2958 1553 3026 imitetur,
1618 2960 1715 3015 sed
1767 2961 1948 3033 idem,
2020 2966 2154 3038 quia

1155 3060 1271 3105 non
1328 3046 1521 3098 omnia
1572 3064 1640 3098 ac
1679 3047 1901 3118 singula
1942 3049 2017 3103 ad
2059 3068 2152 3104 ar-

1155 3138 1272 3183 tem
1317 3131 1627 3201 exprimere
1668 3130 1884 3201 didicit,
1923 3134 1994 3187 de
2017 3151 2154 3206 ope-

1155 3214 1235 3268 ris
1276 3232 1498 3271 summa
1535 3215 1685 3272 haud
1718 3219 2154 3289 approbabiturz

1157 3299 1290 3354 huic
1336 3303 1565 3372 quidem
1598 3303 1782 3372 fabro,
1818 3303 2037 3359 fabrilis
2061 3323 2153 3359 ar-

1155 3386 1229 3439 tis
1251 3396 1414 3456 parte
1442 3398 1666 3442 tantum
1698 3389 2018 3462 conspicuo,
2036 3408 2151 3446 non

1156 3472 1338 3543 magis
1378 3475 1552 3528 velim
1593 3492 1686 3530 me
1728 3491 1846 3528 esse
1890 3476 2154 3548 similem,

1157 3575 1327 3628 quam
1357 3576 1451 3614 me
1471 3577 1583 3614 esse
1609 3558 1933 3630 hominem,
1976 3563 2155 3634 nigri:

1158 3643 1390 3716 quidem
1434 3645 1611 3699 oculis
1639 3646 1914 3717 nigroque
1947 3647 2152 3718 capillo

1162 3729 1699 3800 exsplendescentem
1716 3769 1732 3800 ,
1796 3731 1894 3784 sed
1950 3749 2154 3787 nasum

1160 3813 1528 3883 depravatum
1582 3826 1640 3871 et
1680 3817 1977 3872 distortum
2016 3835 2154 3892 prae
2220 3840 2230 3848 ·

1159 3914 1220 3952 se
1258 3900 1557 3957 ferentem.

1245 4002 1295 4037 v.
1332 3982 1559 4039 32-83.
1620 3988 1904 4045 Aemilium
1946 3993 2154 4067 ludum,
2262 4046 2273 4055 .

1156 4069 1559 4142 gladiatorium
1600 4072 1833 4147 scilicet,
1873 4089 1939 4133 ut
1967 4082 2153 4135 obser-

1157 4165 1256 4211 vat
1307 4157 1418 4211 Vct.
1453 4159 1639 4215 Sahal.
1681 4161 1754 4215 ab
1780 4165 2021 4221 Aemilio
2045 4168 2152 4221 L·-
