2682 4858
482 295 571 359 70

1191 569 1653 653 SATIRA

988 280 1078 370 Q.
1155 277 1627 351 nona‘ru
1681 275 2079 350 nacci

1752 570 1880 648 VI.

485 766 731 896 Non,
783 797 995 902 quia,
1044 795 1468 894 Maecenas,
1528 759 1917 920 *Lyciorum
1968 791 2325 898 quicquid
2371 789 2591 871 Etru·

1820 942 1980 992 8008

487 1039 810 1120 Incoluit
860 1042 1084 1136 fines,
1148 1066 1366 1116 nemo
1418 1039 1847 1142 generosior
1899 1056 2007 1110 est
2055 1057 2167 1131 te,

487 1163 648 1242 Nec
699 1160 905 1264 quod
942 1188 1116 1241 avus
1169 1161 1307 1236 tibi
1335 1180 1710 1236 maternus
1760 1157 1900 1234 fuit
1951 1179 2171 1258 atque
2212 1177 2592 1259 paternus,

415 1378 420 1380 .
489 1283 690 1361 Olim
738 1281 870 1386 qui
917 1284 1194 1387 magnis
1244 1280 1664 1386 reg-ionibus
1714 1278 2255 1380 imperitarent,

488 1383 593 1482 Vt
639 1405 977 1509 plerique
1026 1406 1296 1497 solent,
1349 1428 1531 1477 naso·
1576 1399 1958 1502 suspendis
2009 1400 2302 1477 adunco
2549 1409 2595 1477 5

393 1549 405 1565 ⁸
487 1525 830 1630 IgnotOS,
894 1545 978 1601 ut
1027 1550 1145 1602 me
1194 1522 1537 1600 libertino
1590 1542 1793 1624 patre
1848 1544 2120 1595 natum.

489 1647 682 1723 Cum
730 1647 1003 1723 referre
1055 1671 1310 1748 negas,
1364 1643 1559 1746 quali
1614 1642 1706 1719 sit
1754 1642 2064 1745 quisque
2113 1662 2424 1744 parente

745 1909 1082 1967 samua
1143 1911 1238 1967 vl.

577 2037 865 2106 Horatius,
897 2045 1196 2110 postquam
1221 2038 1500 2109 exposuit,

492 2121 629 2196 quid
665 2121 812 2197 illud
846 2122 1019 2177 fuerit
1036 2160 1053 2191 ,
1112 2141 1227 2196 quo
1255 2123 1502 2196 gratiam

489 2208 838 2264 Maecenatis
895 2208 1004 2262 sibi
1071 2209 1498 2279 comparaverit,

491 2311 686 2350 veram
724 2293 951 2349 laudem
986 2310 1102 2347 non
1139 2314 1174 2350 a
1209 2295 1390 2350 nobili
1417 2294 1503 2346 lo·

493 2397 599 2452 co,
656 2397 770 2453 quo
811 2380 934 2452 quis
974 2388 1139 2435 natus
1178 2380 1283 2448 sit,
1340 2379 1437 2437 sed
1470 2397 1505 2435 a

494 2467 702 2522 virtute
754 2466 1118 2539 repetendam
1161 2484 1280 2521 esse
1319 2477 1504 2521 osten-

495 2552 598 2608 dit.

580 2696 637 2736 v.
681 2679 887 2737 '1—8.
977 2684 1114 2736 Non
1182 2684 1318 2754 quia
1372 2688 1504 2737 cett.

493 2770 725 2824 Sensus:
801 2768 1100 2838 Quamvis,
1179 2770 1500 2830 Maecenas,

497 2853 753 2910 omnium
790 2854 1156 2909 Etruscorum
1196 2862 1262 2908 tu
1305 2870 1364 2905 es
1406 2869 1505 2923 ge-

496 2939 884 2994 nerosissimus
899 2980 917 3009 ,
1002 2948 1062 2993 et
1117 2955 1222 3012 pro
1286 2937 1506 3008 origine

500 3036 597 3082 tua
624 3043 692 3079 ex
714 3035 883 3098 gente
899 3025 1084 3080 Cilnia
1109 3024 1506 3090 nobilissimus,

499 3123 725 3181 maen,
784 3110 921 3164 dum
960 3110 1105 3163 nihil
1143 3111 1361 3165 referre
1392 3108 1510 3162 exi-

498 3198 721 3263 stimas,
781 3197 938 3263 quali
971 3206 1129 3263 patre
1173 3195 1376 3268 aliquis
1409 3210 1512 3277 na-

1089 3291 1111 3334 t
1155 3282 1319 3335 decet
1352 3281 1513 3351 inge-

1089 3367 1282 3421 3entiat
1297 3405 1314 3433 ,
1373 3382 1510 3419 neu-

1089 3452 1317 3507 obiiium
1349 3450 1513 3523 igno-

1089 3540 1095 3590 ἰ
1125 3538 1391 3607 libertino
1416 3551 1514 3607 pa·-

1089 3623 1167 3678 lto
1206 3621 1514 3694 supercilio

504 3711 760 3781 despicis.
798 3741 870 3754 --
910 3710 1119 3781 Iffdor.
1161 3709 1343 3781 quicq.
1389 3711 1513 3760 Etr.

506 3796 624 3849 Ine.
643 3796 761 3864 fin.
790 3814 978 3864 nemo,
1019 3794 1205 3848 nullus
1230 3794 1509 3859 omnium,

506 3881 606 3951 qui
633 3897 701 3934 ex
712 3881 892 3952 Lydia
916 3881 1236 3953 migrarunt
1262 3881 1323 3933 in
1346 3880 1513 3932 Etru-

507 3966 687 4032 riam;
740 3983 845 4037 pro
872 3965 1134 4041 vulgari:
1177 3966 1365 4019 nullus
1392 3981 1514 4019 om·

508 4050 670 4104 nium
697 4052 1095 4120 Etruscorumg
1138 4052 1393 4126 sequitur
1417 4069 1517 4106 au·

507 4147 628 4191 tem
662 4136 929 4190 Horatius
967 4154 1062 4191 eos
1081 4176 1098 4205 ,
1160 4139 1260 4211 qui
1302 4148 1519 4196 veteres

510 4220 772 4283 Etruria
826 4219 1052 4278 colono·
1105 4223 1293 4294 Lydos
1348 4225 1518 4282 fuine

1584 1908 1847 1976 tradunt3
1915 1907 2029 1962 vid.
2071 1905 2343 1962 Herodot.
2381 1908 2438 1971 1,
2506 1902 2601 1962 94.

1586 1997 1814 2065 Dionys.
1841 1995 1969 2047 Hal.
2004 1995 2061 2059 1,
2106 1994 2195 2049 27.
2235 2021 2324 2035 -—·
2367 1993 2476 2046 Pro
2517 1995 2600 2048 le-

1587 2083 1847 2150 gionibus
1884 2079 2011 2133 dedi
2044 2096 2176 2133 cum
2206 2079 2360 2131 Fen:
2409 2083 2603 2148 regio-

1589 2167 1788 2230 nibus5
1842 2166 2099 2237 quamvis
2146 2163 2334 2231 enim,
2388 2182 2499 2234 per
2520 2168 2606 2220 le-

1589 2254 1784 2323 giones
1814 2251 2093 2323 designari
2118 2266 2277 2322 posse
2305 2254 2604 2320 exercitat,

1588 2338 1757 2394 facile
1786 2336 2166 2405 concedimus,
2206 2347 2417 2404 tamen,
2456 2356 2607 2408 quo·

1589 2423 1757 2479 modo
1774 2423 2057 2491 Horatius,
2102 2421 2450 2478 Maecenatis
2480 2444 2610 2479 ma-

1588 2512 1736 2565 iores
1796 2512 2012 2579 vnagnis
2057 2509 2389 2563 exercitibus
2435 2528 2610 2580 prae-

1588 2597 1757 2651 fuisse
1817 2596 2003 2649 dicere
2048 2596 2335 2666 potuerit,
2411 2594 2609 2650 doceri

1590 2683 1803 2753 nequit.
1890 2683 1961 2735 At
2010 2682 2393 2749 Lucumones,
2488 2685 2611 2737 sive

1592 2768 1761 2824 duces
1784 2767 2064 2836 Etruriae,
2108 2769 2257 2821 inter
2281 2785 2422 2839 quos
2438 2770 2611 2823 Mae-

1591 2854 1806 2908 cenatis
1858 2854 2006 2907 atavi
2063 2853 2237 2908 fuisse
2280 2840 2612 2923 traduntur,

1593 2940 1692 3008 (cf.
1727 2956 1877 3012 supr.
1907 2939 1979 2993 ad
2009 2938 2117 2994 od.
2148 2939 2194 3004 1,
2245 2939 2294 3007 l,
2342 2940 2418 3009 1.)
2449 2940 2614 2994 haud

1591 3037 1816 3097 praeter
1856 3041 1981 3079 rem
2015 3026 2084 3078 ab
2115 3023 2350 3078 Horfitio
2382 3029 2617 3096 magnis

1594 3112 1913 3181 regionibus
1953 3112 2293 3180 imperitasse
2341 3110 2460 3164 dici
2502 3129 2615 3183 po·
2669 3111 2670 3114 ’

1592 3205 1798 3251 terant.
1823 3224 1910 3238 —
1937 3215 2071 3249 naso
2102 3198 2394 3266 suspendis
2424 3200 2619 3249 adun-

1597 3302 1661 3337 co
1677 3323 1691 3351 ,
1746 3284 1844 3352 qui
1884 3298 2014 3335 cum
2038 3298 2232 3337 amaro
2255 3282 2378 3335 risu
2403 3299 2616 3336 nasum

1595 3368 1876 3423 aduncum
1918 3368 2196 3435 reddunt,
2255 3369 2375 3422 sive
2406 3384 2619 3422 nasum

1596 3454 1978 3523 distorquent,
2023 3454 2202 3507 animi
2236 3452 2622 3508 acerbitatem

1596 3540 1948 3610 exprimunt3
2033 3541 2362 3609 suspendere
2427 3539 2622 3609 igitur

1596 3625 1847 3697 aliquem
1893 3642 2029 3677 naso
2067 3626 2281 3678 adunco
2305 3623 2494 3694 lepide
2523 3624 2623 3702 ‹ii-

1598 3720 1756 3764 ctum
1796 3719 1881 3764 est
1920 3728 2023 3782 pro
2067 3708 2329 3783 vulgarit
2419 3708 2623 3763 ridere

1596 3796 1845 3868 aliquem
1871 3814 2003 3851 curn
2031 3795 2442 3861 amaritudine;
2474 3812 2588 3848 nos
2606 3814 2623 3848 :

1596 3883 1729 3934 iiber
1773 3886 1932 3936 einen
1972 3884 2064 3936 die
2107 3883 2267 3936 Nase
2312 3881 2577 3951 riimpsen
2601 3900 2628 3943 ,-

1600 3969 1680 4021 sic
1710 3968 1845 4023 infr.
1874 3970 2049 4041 Epist.
2080 3969 2139 4034 1,
2191 3968 2289 4035 19,
2331 3964 2419 4022 45.
2455 3968 2629 4019 nari-

1601 4055 1701 4106 bus
1738 4055 1855 4121 (sc.
1900 4052 2163 4125 aduncis)
2208 4055 2294 4106 uti
2333 4052 2626 4122 formido,

1599 4156 1733 4212 pro:
1792 4158 1908 4195 non
1955 4140 2131 4210 audeo
2147 4129 2453 4211 'indulgere
2471 4138 2629 4196 ,in-i-

1601 4227 1764 4280 sioui.
1802 4256 1871 4271 --
1907 4229 2177 4306 ignotos,
2204 4224 2503 4298 ignobiles,
2554 4232 2632 4277 ut

2029 4595 2238 4768 2
