2682 4858
556 223 1201 299 SATIRARVM
1254 226 1437 296 Lm.
1493 225 1545 309 1,
1603 236 1662 297 γ.

2055 238 2141 304 85

77 400 333 474 Persius
368 398 667 497 exponit
700 425 1026 494 causam,
1079 380 1380 473 ridetur*
1402 401 1493 474 ab
1525 398 1729 472 omni

72 523 473 618 Conventn,
523 517 772 596 laudat
798 521 1147 619 Brutum,
1197 521 1592 624 laudatque
1641 517 2060 598 cohortem:

67 837 246 892 inertes
286 835 518 909 (quales
559 846 717 889 erant
757 837 883 890 Rex
921 837 1040 892 Ru-

62 922 204 990 pilius
230 933 288 975 et
316 923 569 989 Pasias)
615 923 790 994 agitet
831 922 1040 976 discor-

62 1007 164 1074 dia,
226 1017 329 1061 aut
383 1009 432 1059 si
485 1018 773 1060 certamen
827 1009 1040 1062 oriatur

60 1093 183 1147 inter
226 1093 487 1146 homines
536 1094 751 1146 viribus
791 1093 940 1147 inter
979 1112 1040 1146 se

50 1178 276 1252 dispares
293 1216 311 1244 ,
362 1189 426 1231 ut
451 1178 599 1249 apud
619 1181 925 1233 Homerum
950 1181 1038 1233 in·-

56 1273 122 1316 ter
144 1264 487 1317 Diomedem
523 1274 579 1317 et
612 1265 923 1332 Glaucum3
971 1281 1037 1318 ex

54 1349 303 1402 eiusmodi
327 1350 637 1403 certamine
659 1350 901 1420 pigrior,
948 1353 1035 1403 ul-

1122 835 1264 890 tiam
1306 838 1493 894 redire
1533 837 1776 903 soleant,
1852 835 2020 889 hunc
2042 837 2126 890 lo-
2221 829 2222 836 ¹

1125 940 1255 976 cum
1293 925 1365 976 ad
1408 924 1740 978 anacolutha
1769 922 2127 975 referendum

1126 1022 1326 1063 censet.
1387 1010 1496 1063 Sed
1522 1010 1789 1063 Horatius
1811 1008 1961 1061 infra
1986 1025 2126 1078 quo-

1123 1111 1231 1163 que
1276 1096 1448 1164 Epist.
1478 1099 1536 1160 1,
1588 1095 1683 1161 15,
1735 1089 1817 1146 14.
1859 1103 1985 1165 post
2027 1112 2124 1163 pa-

1122 1180 1437 1248 renthesin,
1514 1197 1657 1251 quae
1708 1179 1931 1248 longior
1983 1179 2122 1232 adeo

1121 1275 1206 1319 est
1244 1267 1414 1319 huius
1456 1266 1567 1319 loci
1608 1263 1957 1335 parenthesi,
2002 1266 2121 1319 sine
2161 1263 2164 1266 ’

1120 1351 1236 1405 ulla
1287 1351 1539 1405 formula
1593 1351 1684 1404 vel
1737 1349 2119 1403 admonitione

51 1444 123 1486 tro
151 1436 354 1488 oblatis
385 1436 740 1506 muneribus,
786 1435 1029 1504 abibit);
1115 1436 1175 1489 in
1222 1446 1423 1506 coepta
1470 1437 1745 1490 sententia
1786 1433 1986 1509 pergit.
2028 1463 2116 1476 —-

51 1519 147 1573 iam
185 1521 296 1575 auo
341 1520 434 1572 ini
457 1530 730 1574 certantes
755 1521 900 1574 sicut
926 1538 1030 1591 par
1114 1509 1176 1575 ut
1218 1524 1470 1578 mamea.
1533 1542 1653 1576 cum
1696 1522 1832 1590 Lyc.
1881 1520 2114 1587 Glauca,

48 1607 439 1660 acerrimorum
466 1605 861 1676 gladiatorum,
890 1625 1026 1677 qua-
1111 1608 1223 1662 fuit
1264 1609 1493 1679 quidem
1537 1609 1814 1673 Glaucus,
1893 1604 2112 1675 Lycius,

50 1692 113 1744 les
161 1701 291 1745 sunt
348 1692 550 1746 Bithus
618 1702 675 1745 et
728 1693 1029 1761 Bacchius,
1106 1694 1444 1764 Hippolochi
1470 1695 1640 1761 filius,
1681 1694 1771 1748 vir
1797 1691 1973 1756 fortis,
2014 1691 2111 1744 sed

50 1788 307 1848 pugnant,
376 1778 499 1831 acri
538 1778 624 1832 ira
665 1779 729 1831 iu
764 1780 853 1832 ius
892 1796 1025 1849 pro-
1106 1780 1292 1850 impar
1331 1780 1624 1845 Diomedi,
1671 1779 1765 1833 cui
1807 1795 1908 1848 pro
1940 1777 2110 1830 armis

51 1874 291 1932 currunt,
361 1873 421 1916 et
460 1864 561 1929 iis,
623 1865 719 1933 qui
760 1864 895 1917 huic
936 1863 1024 1917 liti
1107 1866 1282 1920 aereis
1335 1884 1435 1921 sua
1494 1866 1645 1917 dedit
1704 1882 1907 1930 aurea;
1951 1923 1954 1924 ⁷
1994 1863 2144 1922 vid..

45 1948 216 2003 adsunt
258 1965 536 2021 magnum
589 1951 856 2020 praebent
899 1967 1024 2019 spe·
1106 1954 1274 2007 Hom.
1318 1952 1479 2008 Iliad.
1513 1954 1614 2015 vt,
1669 1937 1862 2010 119-
1877 1935 2106 2007 236.-

42 2037 319 2090 cuculum.
361 2065 452 2077 --
493 2036 718 2089 Scilicet
758 2035 1024 2089 Horatius
1106 2038 1278 2090 Bruto
1326 2040 1624 2103 Praetore,
1675 2035 1860 2088 tenuit
1902 2039 2105 2087 Brutus
2142 2059 2154 2072 x

40 2122 160 2173 ridet
196 2120 465 2174 homines
506 2123 726 2188 inertes,
755 2121 845 2173 vel
888 2121 1021 2173 viri-
1104 2132 1228 2176 tum
1257 2125 1328 2192 (a.
1360 2125 1506 2189 711.)
1538 2122 1711 2174 ditem
1751 2119 2100 2190 provinciam

37 2207 120 2259 bus
157 2208 441 2277 dispares,
505 2208 634 2279 qui,
695 2208 831 2260 dum
871 2208 1020 2260 inter
1100 2209 1291 2262 Asiam
1314 2209 1639 2280 proconsul,
1680 2204 1778 2258 sed
1800 2204 1937 2257 alibi
1962 2221 2098 2274 quo-

38 2309 85 2343 se
118 2302 369 2361 certant,
434 2293 669 2346 ridicule
712 2294 859 2346 viros
900 2294 1016 2354 for·
1098 2311 1209 2364 que
1249 2294 1606 2366 proconsules
1641 2300 1911 2344 vocantur
1941 2309 2100 2359 prae-

36 2387 129 2445 tes,
170 2378 375 2434 cedere
414 2380 661 2449 nescios,
704 2378 1015 2435 imitantur.
1095 2394 1249 2435 tores
1290 2381 1344 2437 h.
1395 2399 1444 2437 e.
1490 2379 1588 2454 qui
1631 2377 1954 2451 provinciae
1995 2374 2097 2427 ali—

38 2465 292 2518 Remanet
346 2474 538 2518 tamen
586 2466 648 2518 in
701 2483 839 2519 voce
893 2468 1013 2521 iure
1097 2468 1188 2521 cui
1241 2478 1536 2540 praesunt3
1598 2465 1708 2520 vid.
1754 2466 1977 2517 Ernest.
2032 2461 2096 2513 in

35 2566 78 2600 ν.
98 2551 174 2603 18.
214 2552 327 2604 nisi
370 2568 495 2603 eam
537 2552 608 2605 de
650 2553 857 2626 modo,
900 2568 1012 2622 quo
1095 2555 1252 2613 Clam
1294 2556 1416 2611 Cic.
1458 2573 1501 2610 ε.
1536 2570 1586 2606 v,
1631 2564 1869 2621 praetor.
1897 2579 1987 2591 -
2013 2548 2096 2598 uti

34 2636 137 2704 quis
172 2636 262 2689 ius
306 2637 585 2708 defendit,
639 2638 731 2691 vel
773 2639 842 2690 de
884 2656 1013 2708 per-

34 2721 250 2791 tinacia,
311 2742 425 2793 qua
467 2724 591 2794 quis
633 2723 703 2775 de
742 2724 864 2776 iure
906 2741 1013 2794 pu-

33 2817 173 2873 gnat,
221 2809 589 2882 explicueris,
635 2809 784 2863 haud
815 2811 1015 2880 exigua

32 2892 325 2947 difficultas,
368 2894 643 2964 Equidem
669 2895 1004 2961 divinabam,

30 2994 116 3045 pro
134 2981 249 3033 iure
263 2982 377 3051 legi
394 2981 627 3033 sortasse
646 2998 805 3051 posse
826 3000 876 3032 m
892 3001 922 3032 ο
936 3001 964 3033 r
977 3003 1005 3035 e

1093 2659 1205 2692 non
1235 2642 1516 2709 composit.
1544 2656 1673 2690 m.c.
1703 2638 1767 2688 Β.
1795 2635 2091 2697 Bacchius,

1092 2728 1177 2778 uti
1209 2744 1321 2779 non
1364 2725 1562 2782 melius
1592 2720 1962 2791 compositum
1988 2735 2092 2788 par

1088 2811 1232 2864 illud
1255 2811 1649 2882 gladiatorum,
1678 2805 1950 2858 Bacchius
1983 2804 2091 2855 sci-

1088 2896 1223 2949 licet
1273 2914 1404 2951 cum
1446 2894 1631 2948 Bitho.
1676 2894 1704 2957 (
1720 2892 1906 2946 Schol.
1953 2892 2089 2943 Por-

1086 2985 1247 3052 phyr.
1305 2983 1501 3035 Bithias
1546 2994 1596 3032 et
1641 2977 1919 3033 Bacchius
1957 2977 2088 3043 gla-

1087 3070 1330 3121 diatores
1374 3068 1563 3136 optimi
1605 3066 1722 3117 illis
1762 3063 2089 3133 temporibus

1070 3155 1338 3221 fuerunt,
1413 3152 1542 3223 qui,
1600 3169 1721 3204 cum
1757 3152 1960 3201 multos
2002 3149 2083 3198 in-

1080 3242 1449 3304 teremissent,
1518 3237 1792 3290 commissi
1832 3236 1978 3285 inter
2024 3250 2085 3283 se

32 3063 308 3135 fingenio),
372 3083 574 3136 nempe
620 3084 731 3138 quo
772 3067 1005 3138 litigan-

32 3156 99 3199 tes
135 3168 245 3203 non
288 3153 439 3204 inter
480 3169 538 3204 se
582 3153 879 3205 convenire
912 3168 1000 3205 so-

32 3232 187 3301 leant,
242 3239 455 3290 similes
495 3238 615 3290 sere
658 3238 793 3290 w‘ris
835 3238 1001 3290 forti-

30 3319 145 3386 bus,
194 3340 433 3392 quorum
475 3333 674 3375 neuter
715 3324 876 3376 alteri
909 3342 999 3376 ce-

28 3403 141 3457 dere
165 3409 329 3474 solet3
374 3408 471 3461 sed
514 3409 737 3462 videant
779 3410 846 3461 de
888 3410 1000 3461 hoo

28 3490 134 3541 loco
184 3493 294 3548 alii.
352 3521 443 3535 —-
509 3497 773 3549 Ceterum
830 3495 1001 3548 verba

27 3574 133 3628 inde
174 3580 242 3631 ab
285 3582 392 3633 hos
436 3582 632 3632 etenim
663 3595 793 3632 sunt
828 3598 1000 3652 usque

26 3659 81 3711 ad
131 3665 291 3716 Braeo
359 3667 628 3719 Praetura
693 3666 1000 3719 rectissime

26 3751 391 3813 parentheseos
438 3751 598 3822 signo
644 3751 997 3822 distinguun-

24 3840 115 3897 tur,
146 3837 416 3907 quidquid
443 3838 793 3889 contradicat
822 3838 994 3889 Hein-

26 3918 245 3985 dorfius,
301 3923 428 3991 qui,
489 3922 640 3993 quod
678 3924 997 3993 interrupta

26 4005 181 4056 omtio
224 4017 343 4073 post
369 4010 724 4077 parenthesin
758 4025 871 4061 non
907 4026 994 4060 cx-

28 4088 250 4154 cipiatur
289 4092 530 4149 formula
584 4094 806 4164 aliqua,
885 4111 997 4161 qua

24 4174 297 4245 scriptores
346 4178 415 4230 ad
468 4190 725 4250 coeptam
778 4187 997 4234 senten-

1081 3327 1279 3377 mutuis
1318 3325 1636 3377 vulneribus
1684 3322 2047 3374 conciderunt.
2061 3322 2108 3377 )“

1080 3410 1163 3464 sic
1205 3411 1325 3463 fere
1367 3409 1565 3479 virgil.
1596 3409 1788 3479 Eulog.
1816 3408 1943 3469 vn,
1995 3402 2076 3454 16.

1082 3500 1158 3548 Et
1186 3511 1454 3548 certamen
1477 3509 1626 3561 erat,
1674 3492 1927 3561 Corydon
1959 3506 2078 3538 cum

1086 3583 1386 3650 Thyrside,
1448 3598 1704 3649 magnum
1721 3597 1744 3642 ;
1828 3573 2081 3629 certabat

1077 3667 1294 3720 scilicet
1322 3667 1583 3738 Corydon
1613 3681 1759 3717 cum
1789 3657 2075 3730 Thyrside.

1165 3857 1216 3892 v.
1242 3837 1328 3892 23.
1382 3840 1453 3890 ab
1486 3838 1633 3888 omni
1659 3847 1958 3899 conventu,
2001 3832 2073 3885 ab

1078 3925 1366 3991 omnibus,
1464 3923 1564 3994 qui
1635 3921 1801 3976 huius
1875 3935 2073 3971 causae

1078 4010 1286 4063 actioni
1329 4009 1595 4073 aderant3
1643 4008 1941 4072 cohortem,
1983 4004 2068 4056 in—

1077 4096 1271 4165 tellige
1313 4095 1554 4159 amicos,
1616 4093 1877 4157 comites,
1933 4090 2072 4143 scri-

1078 4181 1207 4246 bas,
1250 4179 1592 4250 praefectos,
1653 4179 1899 4233 medicos
1939 4185 2072 4229 cett.
