2682 4858
476 230 600 298 104
989 223 1080 311 Q.
1138 221 1614 291 HoRATn.
1673 218 2063 290 11me

479 398 766 498 Nempe
817 393 1318 495 incomposito
1372 393 1525 469 dixi
1571 392 1769 494 pede
1819 418 2120 469 currere
2166 419 2425 469 versus

479 519 760 596 Lucili:
828 516 1010 605 Quis
1059 534 1207 588 tam
1255 515 1504 590 Lucili
1555 518 1805 591 fautor
1851 513 2108 614 inepte,
2156 535 2308 609 est,

486 640 588 715 Vt
637 665 789 713 non
843 631 995 711 hoc
1031 634 1401 742 fateatur?
1452 634 1558 711 At
1602 634 1798 710 idem
1820 690 1841 730 ‚
1896 634 2103 738 quod
2148 636 2297 710 sale
2347 635 2584 711 multo

486 760 766 835 Vrbem
804 753 1200 849 defricuit,
1253 754 1507 831 charta
1553 754 1903 831 laudatur
1955 757 2235 830 eadem.

487 879 649 958 Nec
703 898 951 954 tamen
1011 873 1169 951 hoc
1236 874 1613 972 tribuens„
1706 873 2039 951 dederim
2104 879 2408 978 quoque
2474 904 2593 952 ce-

1848 1018 2043 1095 tera3
2096 1026 2268 1072 nam
2315 996 2422 1071 sic
2544 1009 2588 1075 5

489 1122 586 1197 Et
634 1120 901 1195 Laberi
949 1118 1250 1215 mimos),
1301 1139 1388 1196 ut
1435 1115 1748 1220 pulchra
1798 1138 2181 1220 poemata,
2247 1117 2498 1195 mirer.

492 1243 687 1345 Ergo
738 1266 894 1315 non
945 1239 1110 1315 satis
1163 1259 1272 1314 est
1288 1294 1325 1334 ,‚
1379 1239 1533 1314 risu
1584 1238 1937 1315 diducere
1989 1239 2266 1315 rictum

497 1360 923 1459 Auditoris;
1006 1370 1127 1454 (et
1194 1377 1304 1434 est
1368 1357 1725 1462 quaedam
1789 1357 2056 1437 tamen'
2097 1360 2222 1435 hic
2287 1386 2594 1463 quoque

842 1567 845 1572 ,
1611 1573 1618 1578 „
1842 1482 2149 1576 virtus)
2415 1565 2420 1570 ‚

510 1605 642 1678 Est
690 1602 1040 1679 brevitate
1093 1627 1321 1702 opus»,
1377 1621 1463 1675 ut
1512 1623 1762 1678 currat
1810 1602 2207 1701 sententia3
2259 1627 2411 1678 neu
2462 1630 2544 1678 se

502 1722 865 1825 Impediat
914 1722 1155 1800 verbis
1203 1724 1418 1796 lassas
1469 1721 1941 1808 onerantibus
1995 1727 2242 1817 aure3‚'
2505 1738 2594 1800 10

506 1846 602 1920 Et
650 1869 987 1920 sermone
1039 1870 1228 1943 opus
1282 1864 1391 1917 est
1452 1842 1681 1919 modo
1734 1842 1961 1937 tristi,
2052 1869 2264 1944 saepe
2314 1844 2597 1939 iocoso,

507 1965 979 2042 Defendente
1033 1962 1267 2068 vicem
1316 1962 1545 2040 modo
1598 1961 1959 2061 rhetoris,
2033 1985 2249 2067 atque
2312 1987 2599 2067 poetae,

592 2215 648 2254 v·
674 2198 725 2252 1.
791 2199 1195 2269 Incomposito,
1250 2193 1404 2250 haud
1443 2195 1519 2251 ad
1633 2193 1636 2208 '
1685 2212 1740 2249 v.
1769 2196 1822 2250 6.
1867 2195 2075 2248 Laberi
2094 2193 2419 2249 —Sueton.
2446 2197 2602 2251 Caes.

466 2343 475 2352 „
508 2282 840 2354 rhythmum
886 2293 943 2336 et
980 2299 1245 2335 numeros
1286 2299 1521 2354 compo·
1599 2280 1691 2337 89.
1760 2281 1965 2348 Ludis,
2010 2281 2267 2334 Decimus
2311 2282 2603 2348 Laberius,

509 2368 651 2439 sito;
703 2368 943 2421 moleste
985 2369 1140 2421 enim
1179 2367 1520 2422 incedebant
1603 2383 1764 2439 eques
1807 2368 2120 2433 Romanus,
2184 2369 2407 2421 mimum
2450 2387 2605 2421 suum

510 2472 701 2509 versus
741 2454 983 2524 Lucilii3
1035 2452 1170 2508 hinc
1211 2471 1362 2525 supr.
1401 2454 1528 2507 Sat.·
1599 2455 1761 2525 egit:
1805 2454 2154 2524 donatusque
2180 2456 2497 2525 quingentis
2525 2473 2606 2509 se·

510 2541 624 2608 IV,
668 2540 720 2595 8.
764 2541 929 2593 duros
962 2559 1278 2611 componere
1310 2557 1519 2593 versus.
1585 2540 1810 2609 ..s-tertiis
1857 2551 1912 2592 et
1958 2542 2166 2592 annulo
2211 2558 2395 2593 aureo.
2486 2543 2607 2594 Ma-

601 2642 656 2680 v.
687 2625 739 2679 2.
766 2628 905 2694 ,quis
949 2639 1061 2678 tam
1096 2626 1287 2679 Lucili
1316 2627 1519 2697 squtor
1603 2624 1758 2680 crob.
1791 2626 1877 2691 11,
1933 2623 1986 2679 7.
2031 2635 2087 2678 et
2129 2628 2261 2693 vn,
2318 2625 2371 2681 3.
2416 2628 2608 2679 mimos

515 2713 702 2782 inepte
747 2722 859 2776 est,
928 2711 976 2765 si
1016 2712 1099 2765 ita
1139 2711 1359 2781 scripsit
1400 2713 1522 2764 Ho-
1600 2740 1691 2753 -
1733 2711 1918 2774 mimi,
1993 2720 2257 2780 poemata
2306 2711 2613 2765 lascivioris

515 2796 722 2866 ratius,
767 2796 901 2850 erit:
953 2797 1075 2867 quis
1115 2797 1308 2849 fautor
1348 2793 1522 2849 Luci-

513 2882 717 2936 liitam
740 2882 930 2953 inepto
950 2882 1117 2936 modo
1146 2890 1229 2936 est
1254 2882 1373 2935 eius
1400 2881 1525 2933 fau-

516 2967 650 3021 tor?
693 2967 791 3021 sed
820 2967 931 3020 hoc
965 2968 1191 3021 durum.
1250 2966 1528 3036 Exempla

511 3051 747 3125 quidem
785 3050 858 3105 ad
878 3053 1035 3106 hanc
1064 3052 1327 3123 loquendi
1353 3052 1529 3105 ratio-

517 3156 652 3193 nem
709 3138 1103 3192 stabiliendam
1157 3138 1348 3191 afferri
1402 3154 1528 3209 pos-

516 3233 668 3293 sunt,
710 3241 762 3278 v.
801 3240 851 3277 c.
900 3224 1064 3280 ovid.
1107 3226 1299 3276 Amor.
1329 3225 1426 3289 ΙΙΙ,
1474 3221 1526 3289 5,

524 3309 609 3365 15.
700 3311 922 3363 Taurus
977 3323 1098 3363 erat
1149 3328 1331 3363 comes
1376 3311 1524 3375 huic,

508 3384 765 3464 feliciter
805 3397 910 3448 ille
935 3398 1196 3463 maritus,
1242 3397 1397 3465 (proz
1443 3394 1530 3447 fe-

521 3480 644 3551 lix.)
688 3478 797 3535 Sed
839 3481 1075 3536 Ovidius
1118 3497 1235 3534 non
1271 3480 1527 3550 scripsit:

520 3576 636 3619 tam
649 3567 926 3634 feliciter.
973 3568 1050 3620 Et
1077 3567 1158 3621 sic
1177 3583 1265 3619 res
1280 3583 1339 3619 se
1355 3565 1529 3620 hahet

522 3668 657 3704 cum
677 3652 801 3705 aliis
824 3651 1111 3723 exemplis.
1153 3651 1388 3723 Scripsit
1409 3651 1530 3704 for-

523 3744 671 3790 tasse
712 3737 786 3790 ad
825 3739 1121 3810 vulgarem
1144 3735 1414 3809 loquendi
1436 3753 1530 3788 ra-

524 3820 739 3875 tionem
765 3824 1058 3880 Horatius:
1108 3823 1247 3892 Quis
1278 3835 1393 3874 tam
1413 3822 1529 3875 Lu·
1571 3844 1572 3857 ¹

525 3906 628 3959 cili
657 3907 864 3975 fautor
905 3911 983 3962 in
1004 3928 1078 3980 ep
1097 3908 1244 3962 tus?

613 4008 664 4045 v.
682 3987 734 4047 4.
777 3994 974 4048 charta
1003 3997 1208 4062 eadem,
1244 3994 1306 4047 in
1334 3992 1535 4048 eodem

527 4078 776 4133 carmine
789 4118 807 4149 ‚
847 4080 1067 4136 scilicet
1106 4081 1168 4135 in
1211 4090 1412 4152 quarta
1448 4097 1535 4134 sa-

530 4162 658 4221 tire.

1606 2806 1666 2850 et
1707 2795 2098 2866 petulantioris
2141 2796 2476 2866 incipienti,
2521 2798 2612 2853 vel

1605 2881 1867 2936 licentius
1906 2879 2200 2935 lasciviam
2241 2883 2546 2937 imitantia.

1692 2983 1746 3021 v.
1765 2967 1817 3020 8.
1863 2967 1957 3019 hic
1985 2985 2212 3038 quoque,
2255 2967 2320 3021 in
2343 2967 2455 3020 hac
2479 2987 2613 3039 quo·

1610 3068 1723 3127 que
1753 3069 1850 3120 re,
1894 3051 2108 3106 scilicet
2137 3054 2196 3105 in
2222 3054 2506 3107 movendo
2538 3055 2614 3108 ri·

1610 3155 1710 3204 su3
1753 3166 1840 3179 -
1881 3140 2080 3205 virtus,
2119 3131 2344 3210 (αἱρετή)
2379 3138 2612 3194 facultas

1607 3223 1777 3280 laude
1819 3223 2005 3295 digua.

1696 3327 1750 3363 v.
1783 3309 1834 3364 9.
1897 3327 2005 3363 neu
2044 3326 2106 3363 se
2146 3311 2353 3381 Imped.
2395 3331 2451 3366 v.
2479 3312 2613 3366 lass.

1614 3412 1705 3449 on.
1739 3413 1892 3461 aur„
1934 3411 2049 3449 neu
2089 3396 2360 3467 impedita
2403 3408 2466 3451 et
2497 3417 2617 3452 mo·

1608 3479 1754 3533 leste
1795 3479 2061 3534 reddatur
2102 3480 2279 3536 nimia
2315 3484 2619 3539 verborum

1612 3582 1777 3620 aures
1818 3565 2181 3638 fatigantium
2211 3569 2578 3623 abundantia.

1697 3670 1751 3705 v.
1789 3651 1851 3703 ll
1875 3681 1948 3691 —
1971 3647 2054 3706 14.
2097 3654 2265 3721 tristi,
2305 3671 2622 3710 severo.—

1614 3735 1855 3805 Defend.
1893 3739 2066 3791 vicem
2108 3741 2301 3807 modo,
2345 3743 2622 3796 sustinen-

1612 3830 1674 3876 te
1721 3823 1891 3876 modo
1948 3833 2134 3895 partes
2175 3825 2452 3897 rhetoris,
2492 3836 2619 3879 cett.

1615 3935 1703 3950 —-
1753 3911 2035 3963 Interdum
2089 3911 2315 3981 urbani,
2381 3912 2624 3967 hominis

1615 3992 1690 4049 ad
1731 3995 2136 4063 urbanitatem,
2193 3996 2254 4051 h.
2301 4013 2352 4052 e.
2397 3997 2471 4052 ad
2511 3997 2622 4050 ele-

1616 4082 1901 4153 gantiores
1939 4098 2153 4149 mores,
2197 4082 2270 4136 ad
2297 4085 2622 4138 comitatem

1621 4174 1681 4222 et
1723 4167 2057 4228 facilitatem
2113 4169 2412 4240 compositi
2426 4192 2446 4239 ς
2515 4168 2625 4237 (de
