2682 4858
490 196 1258 293 Ems'ro'LARvM
1295 214 1492 291 Lm.
1532 217 1629 302 11,
1676 226 1736 288 1.
2019 162 2155 292 m

88 395 236 492 vel,
287 397 455 498 quia
489 416 707 496 turpe
749 413 1014 495 putant
1054 414 1316 493 parere
1359 390 1790 488 minoi-ihm,
1837 380 2149 495 et'tiuae

84 517 383 593 Imber-bi
433 514 796 612 didicere,
848 539 1056 591 senes
1105 511 1487 614 perdenda
1536 512 1770 586 fateri.
2051 525 2146 591 85

83 637 242 711 Iam·
266 636 543 713 Saliare
596 626 883 711 Numae
936 662 1234 709 carmen
1284 632 1417 734 qui
1462 630 1754 727 laudat,
1820 654 1894 707 et
1941 631 2152 730 illud,

86 755 294 844 Quod
342 781 635 831 mecum
687 756 1012 857 ignorat,-
1077 754 1278 831 solus
1328 752 1489 829 vult
1539 752 1726 830 scire
1776 755 2038 831 videri:

84 876 379 978 Ingeniis
428 902 584 952 non
636 874 765 948 ille
816 875 1011 949 favet
1059 873 1491 975 plauditque
1544 873 1870 974 sepultiS,

86 995 334 1072 Nostra
383 996 517 1071 sed
566 995 971 1096 impugnat,
1032 1019 1168 1069 nos
1219 1015 1616 1094 nostraque
1664 992 1929 1069 lividus
1978 993 2155 1071 odit.
2262 1021 2267 1027 ’

93 1114 301 1205 Quod
344 1116 409 1190 si
463 1137 620 1205 ,tam
674 1113 912 1189 Graiis
966 1113 1244 1189 nov-itas
1271 1115 1524 1197 *invisa
1571 1113 1849 1209 fuisset,
2058 1130 2154 1193 90

87 1235 319 1325 Quam
373 1237 627 1333 nobie,
711 1233 894 1339 quid
956 1260 1164 1312 nunc
1227 1255 1415 1310 esset
1463 1233 1727 1311 vetus?
1803 1255 1930 1310 aut
1977 1237 2163 1339 quid

1419 1350 1745 1451 haberet,

93 1476 301 1566 Quod
349 1478 636 1582 legeret
686 1496 1103 1578 tereretque
1151 1476 1419 1553 viritim
1468 1472 1804 1576 publicus
1852 1452 2083 1552 usus?

92 1594 186 1671 Vt
229 1596 553 1702 primum
603 1596 860 1700 positis
909 1597 1171 1704 nugari
1223 1594 1531 1674 Graecia
1577 1593 1795 1707 bellis·

96 1935 249 1993 debat
286 1950 407 1995 toto
467 1941 720 2013 corporis
770 1934 990 1997 habita
1025 1950 1083 1995 et

99 2026 345 2096 genibus)
375 2028 665 2082 videbatur
699 2029 916 2082 omnino
945 2028 1085 2080 mori

99 2127 200 2162 non
240 2114 514 2168 debuisse.
600 2115 868 2168 Roscium
923 2130 1084 2184 egre·

105 2195 249 2265 gium
288 2200 462 2271 plane
505 2200 848 2255 ,histrionem
892 2200 1081 2265 fuisse,

101 2280 219 2337 inde
243 2301 465 2357 quoquc
492 2295 664 2357 patet,
687 2285 854 2356 quod,
887 2285 934 2338 si
959 2284 1084 2354 quis

107 2370 329 2424 artificio
371 2371 565 2443 aliquo
595 2371 909 2434 excelleret,
955 2386 1089 2442 pro-

105 2456 326 2512 verbiali
377 2458 505 2511 fere
553 2457 837 2511 locutione
893 2458 950 2510 in
987 2474 1088 2509 sno

106 2558 290 2608 genera
335 2545 573 2597 Roscius
617 2543 924 2596 dicebatur.
971 2542 1088 2595 Cic.

108 2624 170 2679 de
209 2629 364 2684 Orat.
406 2630 455 2682 Ι.
514 2645 637 2700 cap.
677 2629 766 2683 28.
823 2629 959 2681 hinc
1016 2627 1088 2680 ab

107 2711 343 2767 Horatio·
369 2716 430 2767 h.
464 2714 502 2767 l.
549 2716 736 2766 doctus
777 2723 1029 2768 vocatur.

185 2816 234 2854 v.
277 2794 549 2854 84—85.
647 2800 763 2869 Vel,
804 2801 934 2871 quia
961 2806 1095 2851 cett.

109 2881 201 2937 vel
239 2887 370 2956 quia
414 2893 581 2955 turpe
621 2892 823 2955 putant
838 2923 856 2951 ,
922 2886 969 2938 si
1012 2899 1097 2937 se-

111 2982 199 3022 nes
237 2970 305 3024 ad
343 2970 632 3024 iuniorum
657 2971 988 3024 sententiam
1014 2986 1101 3023 se-

113 3069 164 3105 se
202 3056 655 3123 accommodent,
702 3065 760 3109 et
802 3074 898 3123 ea,
953 3072 1099 3127 quae

114 3143 265 3208 pueri
318 3144 457 3196 olim
500 3159 535 3194 a
577 3140 970 3213 ludimagistro
1029 3156 1099 3195 ex

114 3224 265 3280 Attae
325 3226 629 3299 comoediis
689 3227 899 3281 dictata
959 3227 1103 3280 didi-

117 3314 306 3381 cerint,
343 3314 686 3383 (perdenda)
715 3321 978 3385 tanquam
1008 3332 1104 3367 va-

117 3411 187 3449 na
227 3407 283 3452 et
322 3399 467 3452 falsa
511 3413 542 3451 e
584 3400 860 3453 memoria
914 3398 1107 3451 delen-

124 3478 190 3534 da
228 3501 370 3551 esse,
413 3484 718 3537 fateantur.

197 3584 247 3622 v.
273 3569 438 3623 86-
457 3569 543 3622 89.
563 3572 707 3646 ‘Iam
740 3572 954 3624 Saliare
983 3568 1110 3622 Nu-

125 3667 237 3706 mae
262 3672 475 3708 carmen
495 3662 646 3723 cett„
676 3657 943 3724 carmina,
967 3672 1112 3725 quae

124 3737 302 3794 Numa
339 3740 652 3811 Pompilius
691 3742 897 3796 Martis
933 3758 1113 3795 sacer-

1164 1941 1246 1995 xis
1285 1940 1548 1997 formulis
1590 1939 1824 2001 fuerunt
1877 1949 2169 2011 concepta,

1166 2037 1233 2080 nt
1275 2046 1309 2081 a
1344 2026 1575 2082 nemine
1612 2027 1783 2081 facile
1814 2037 2041 2097 possent
2079 2027 2170 2079 in-

1164 2113 1379 2186 teuigh
1421 2113 1531 2168 vid.
1579 2112 1849 2183 Quinctil.
1891 2114 1939 2179 1,
1983 2112 2036 2181 6,
2079 2108 2166 2166 40.

1252 2216 1307 2252 v.
1334 2200 1423 2253 87.
1465 2200 1631 2263 scire,
1679 2197 2016 2268 intelligere.

1255 2284 1438 2339 v.·88.
1501 2303 1613 2337 non
1657 2285 1757 2337 ille
1799 2282 1967 2350 favet
2019 2291 2170 2351 cett.,

1171 2370 1457 2446 quomodo
1519 2370 1673 2423 enim
1714 2368 1919 2439 aliquis
1977 2369 2171 2422 favere

1171 2467 1361 2530 potest
1394 2458 1617 2510 Numae
1681 2455 1947 2522 carmini,
2023 2454 2176 2526 quod

1174 2560 1293 2596 non
1332 2542 1642 2614 iutelligit?
1711 2559 1829 2594 non
1870 2542 2025 2594 favet
2065 2540 2179 2610 igi-

1175 2638 1271 2682 tur
1318 2644 1450 2681 vere
1491 2638 1547 2681 et
1588 2645 1800 2698 reapse,
1838 2627 1955 2694 sed,
2001 2641 2176 2679 caeco

1178 2724 1434 2767 veterum
1487 2714 1672 2767 studio
1728 2722 1786 2766 et
1837 2728 2027 2765 amore
2081 2712 2179 2766 ab-

1177 2809 1391 2870 reptus,
1434 2799 1775 2852 recentiores
1807 2798 2134 2852 contemnit.

1267 2902 1319 2940 v.
1348 2885 1437 2938 91.
1483 2887 1613 2956 quid
1640 2903 1783 2936 nunc
1810 2897 1953 2937 essct
1985 2882 2179 2935 vetus?

1180 2989 1317 3025 nam
1373 2961 1421 3024 si
1472 2980 1627 3038 tum,
1692 2988 1823 3023 cum
1874 2970 2185 3025 scriberent

1184 3057 1419 3123 Graeci,
1461 3066 1692 3127 propter
1716 3056 2024 3108 novitatem
2050 3071 2185 3107 con-

1185 3143 1350 3197 temti
1379 3142 1633 3211 suissent,
1680 3160 1795 3195 non
1820 3141 2025 3212 legere,
2071 3156 2187 3192 non

1186 3228 1448 3283 manibus
1490 3240 1671 3282 terere
1716 3239 1773 3281 et
1800 3226 2014 3279 imitari
2036 3241 2189 3278 nunc

1187 3331 1477 3388 possemus
1518 3324 1734 3367 veteres
1778 3314 2048 3367 Graecos.

1276 3419 1328 3454 ν.
1372 3398 1459 3453 93.
1519 3402 1753 3470 nugari,
1809 3398 2031 3450 ludicra
2072 3406 2191 3449 tra-

1194 3498 1386 3552 ctare,
1428 3486 1598 3538 rebus
1641 3487 1712 3538 ad
1745 3484 1923 3536 animi
1944 3482 2193 3535 oblecta-

1188 3574 1410 3626 tionem
1492 3571 1873 3641 spectantibus
1958 3584 2196 3630 vacare;

1193 3669 1260 3711 ut
1285 3673 1438 3725 supr.
1461 3658 1574 3710 Sat.
1612 3659 1686 3724 ΙΙ,
1719 3656 1768 3727 1,
1801 3653 1887 3707 73.
1934 3664 1992 3725 et
2023 3651 2196 3722 Epist.

1195 3745 1258 3810 1,
1305 3742 1401 3808 18,
1445 3741 1530 3794 60.
1588 3758 1721 3813 pro:
1787 3741 1994 3808 nugari
2047 3753 2198 3808 supr.

125 3819 300 3894 dotes,
346 3828 528 3879 Salios
574 3826 632 3892 (a
662 3827 940 3895 saliendo)
985 3844 1117 3879 cum
1198 3829 1312 3882 Sat.
1341 3827 1416 3895 11,
1442 3827 1494 3894 2,
1521 3826 1605 3882 11.
1651 3826 1902 3896 apposite
1931 3824 2008 3879 ad
2048 3823 2204 3876 hunc

127 3906 371 3978 tripudiis
425 3911 777 3981 solemnique
821 3912 1119 3967 saltatione
1198 3911 1393 3965 locum
1437 3912 1607 3967 dixit:
1651 3912 1928 3980 graecari.
1960 3936 2052 3950 —-
2107 3926 2205 3980 po-

127 4004 222 4058 per
261 3996 460 4050 urbem
519 4007 715 4051 euntes
775 4012 978 4052 canere
1031 3997 1120 4050 iu·
1206 3998 1332 4049 sitis
1379 3998 1575 4065 armis,
1629 3996 1789 4050 finito
1830 3996 1981 4050 bello
2024 3993 2208 4051 Persi-

129 4074 321 4148 bebat,
384 4081 518 4150 (vid.
558 4082 681 4137 Liv.
721 4087 787 4153 1,
832 4086 945 4151 20.)
1003 4092 1126 4136 tam
1211 4099 1314 4150 co;
1361 4082 1433 4135 ab
1479 4099 1547 4136 eo
1590 4081 1745 4136 enim
1785 4094 2042 4155 tempore
2084 4097 2208 4134 ma·
2302 4150 2307 4156 ι

132 4160 400 4238 obscuris,
468 4170 774 4226 reconditis
805 4181 865 4225 et
905 4167 1127 4243 pei-ple·
1211 4168 1300 4241 gis
1339 4168 1639 4243 mag-isque
1679 4169 2033 4224 efflorescere
2081 4182 2220 4220 coe-⁴

2472 400 2479 409 -
2460 198 2483 379 „juv-“¹''
2448 60 2469 107 .-
