2682 4858
503 222 1282 297 Ems‘roLARvM
1330 226 1524 297 LIB.
1582 230 1657 309 1,
1716 180 1792 313 ἐ

2060 242 2183 305 261

88 398 396 475 Graecia
447 396 840 477 Bai-bariae
891 400 1096 473 lento
1148 399 1400 475 collisa
1457 398 1731 494 (helle,

82 520 496 593 Stultorum
549 543 805 621 regum
859 539 934 596 et
993 520 1442 620 populorum
1507 518 1843 597 continet
1909 543 2172 598 aestus.

81 641 425 714 Antenor
477 659 730 716 censet
778 638 957 713 belli
1005 639 1432 743 praecidere
1483 667 1812 721 causam:

80 759 290 848 Quid
336 756 587 833 Paris?
640 780 726 832 ut
776 759 1013 834 salvus
1065 782 1320 863 regnet
1371 762 1705 863 vivatque
1757 763 2036 858 betam,
2079 776 2172 838 10

78 881 269 982 Cogi
325 904 546 979 posse
595 900 835 980 negat.

943 879 1216 963 Nestor
1266 908 1714 981 componere
1762 880 1928 957 lites

73 1003 283 1079 Inter
333 998 642 1077 Peliden
688 1000 980 1076 festinat
1032 1021 1103 1075 et
1153 1000 1347 1077 inter
1402 1001 1755 1093 Attidem

74 1125 302 1199 Hune
355 1148 597 1216 amor,
649 1120 757 1197 ira
810 1116 1109 1222 quidem
1160 1122 1647 1202 communiter
1696 1121 1841 1199 urit
1888 1144 2189 1210 utrumqe

1423 1268 1590 1345 que.

74 1360 458 1465 Quicquid
507 1359 817 1436 delirant
879 1386 1117 1466 reges,
1167 1362 1601 1465 plectuntur
1650 1360 1959 1457 Achivi3

74 1482 477 1579 seditione,
530 1481 740 1576 dolis,
792 1482 1095 1578 scelere,
1145 1505 1364 1585 atque
1400 1483 1706 1559 libidine
1758 1502 1834 1556 et
1883 1481 2014 1579 ira,
2067 1491 2185 1565 15}

67 1605 332 1679 Iliacos
382 1602 576 1677 intra
623 1629 875 1678 muros
925 1626 1314 1704 peccatur,
1367 1627 1441 1680 et
1492 1627 1714 1683 extra.

71 1728 400 1826 Rursus,
450 1719 635 1826 quid
683 1722 909 1801 virtus
962 1745 1037 1801 et
1076 1725 1261 1830 quid
1309 1724 1663 1829 sapientia
1714 1722 1969 1830 possit,

69 2042 296 2098 cantius
360 2055 504 2113 pro:
576 2041 915 2108 commixta3
973 2039 1075 2112 qui

71 2129 322 2181 invicem
361 2144 419 2181 se
444 2134 666 2198 petunt,
701 2128 1071 2192 collidunt-*um

65 2222 329 2268 ceterum
394 2213 489 2266 hic
553 2230 747 2267 versus
816 2221 939 2265 tam
999 2210 1074 2264 ob

65 2301 220 2354 hanc
247 2298 614 2364 locutionem,
641 2315 813 2368 quam
827 2298 898 2350 ob
929 2297 1073 2367 pris-

65 2404 198 2441 mm
268 2400 470 2440 voeem
528 2383 772 2440 duellum
835 2383 1074 2454 prodere

63 2472 302 2527 videtur
336 2470 606 2524 Ennium.

148 2576 211 2613 v,
255 2556 313 2609 8.
374 2573 478 2627 per
551 2568 758 2608 aestwn
816 2553 1071 2626 intellige

64 2642 517 2698 vehementiores
578 2641 757 2695 animi
817 2640 1075 2694 affectio-

63 2747 164 2784 nes
208 2739 271 2782 et
314 2728 454 2781 vitia.
490 2727 555 2782 in
597 2746 650 2782 v.
689 2725 775 2782 15.
819 2743 1070 2780 comme-

63 2824 319 2870 morata.

147 2920 202 2956 v.
220 2901 282 2953 9.
322 2900 567 2952 Antenor
595 2911 778 2953 censet
796 2907 927 2953 cett.
958 2899 1070 2952 An-

63 2997 265 3053 tenor,
308 3001 478 3038 senex
515 2985 893 3040 Troianorum
935 2999 1070 3054 pru-

64 3071 450 3138 dentissimus,-
494 3079 683 3124 censet
724 3087 964 3136 causam,
1002 3086 1070 3121 ex

61 3177 186 3229 qua
242 3157 396 3210 bello
439 3174 475 3211 a
514 3155 747 3210 Graecis
803 3163 1070 3225 petantur

59 3243 345 3309 Troiani,
413 3260 447 3295 e
513 3242 700 3295 medio
755 3240 1069 3294 tollendam

62 3347 218 3396 ωας
265 3329 533 3382 censebat
559 3328 776 3380 scilieet
798 3329 1069 3393 Antenor,

60 3418 350 3469 Helenam
377 3412 720 3467 reddendam
749 3429 883 3478 esse,
895 3415 1066 3465 Hom.

61 3502 123 3554 ll.
172 3502 303 3567 VH,
347 3497 452 3554 348
467 3515 616 3568 seqq.
640 3527 729 3540 -—
756 3499 828 3550 ad
850 3498 1067 3567 praeci-

61 3588 194 3640 dere
241 3586 474 3657 supple:
518 3585 792 3640 Troianos
845 3583 1068 3637 debere.

136 3692 198 3725 v.
231 3672 317 3724 10.
353 3673 437 3725 11.
490 3672 636 3736 Quid
665 3671 875 3722 Paris?
916 3669 1069 3739 Quid

59 3759 224 3813 Paris
269 3756 348 3810 ad
401 3756 552 3809 hane
606 3756 902 3808 Antenoris
945 3772 1068 3807 sen-

61 3843 346 3897 tentiam?
389 3850 684 3913 repugnat,
729 3850 786 3893 et
815 3849 899 3906 ut,
941 3840 1071 3891 red-

60 3930 184 3982 dita
241 3929 483 3992 Helena,
525 3927 707 3980 salvus
761 3934 963 3997 regnet
1016 3933 1072 3977 et

60 4016 261 4069 beatus
306 4015 480 4080 vivat,
521 4012 842 4082 persuaderi
889 4010 1070 4062 omni-

61 4119 136 4151 no
185 4101 403 4169 nequit.
431 4126 520 4141 --·
551 4099 688 4167 Cogi
700 4116 858 4167 posse
882 4107 1069 4163 negat,

63 4203 186 4239 non
228 4186 371 4241 dixit
394 4184 625 4258 quidem
646 4184 822 4254 Paris,
860 4196 920 4237 se
942 4179 1071 4254 cogi

1157 2054 1278 2097 non
1329 2055 1489 2112 posse
1505 2077 1523 2108 ‚
1591 2037 1691 2096 sed
1755 2037 2158 2097 convenienter

1156 2126 1245 2181 his
1275 2124 1440 2180 dictis
1470 2126 1615 2197 egit;
1646 2125 1838 2198 itaque
1852 2127 1981 2193 cogi
1995 2141 2157 2194 posse

1158 2222 1331 2279 negat
1372 2212 1489 2265 iam
1523 2219 1644 2268 est:
1706 2208 1914 2265 adduci
1941 2219 1998 2264 et
2023 2226 2154 2279 per-

1156 2298 1375 2353 moveri
1416 2314 1533 2350 non
1574 2305 1779 2366 potest.

1242 2402 1299 2438 v.
1327 2382 1410 2437 13.
1456 2383 1619 2435 Hunc
1646 2381 1972 2451 (Achillem)
2002 2399 2155 2436 amor·

1157 2468 1482 2538 (Briseidos)
1540 2496 1615 2513 -—
1670 2469 1780 2523 unt
1794 2507 1811 2539 ,
1880 2467 2154 2537 accendit,

1154 2555 1501 2609 inflammat.
1565 2613 1570 2617 ⁴

1240 2636 1384 2696 v.14
1399 2668 1484 2681 —
1504 2639 1585 2696 16.
1618 2641 1895 2712 Quicquid
1916 2595 2157 2694 delirant

1154 2735 1290 2781 cett.
1353 2727 1627 2780 Omnium
1679 2727 1852 2782 stulte
1903 2734 1960 2780 et
2016 2724 2155 2779 insi-

1153 2812 1374 2883 pienter
1416 2811 1488 2867 ab
1532 2815 1980 2884 Agamemnone,
2023 2814 2152 2866 Me·

1152 2897 1319 2951 nelao
1340 2936 1357 2967 ,
1401 2897 1622 2955 Achille
1660 2908 1796 2953 cett.
1852 2906 2153 2968 captorum

1153 2983 1523 3037 consiliorum
1550 3001 1798 3053 poenam
1826 2984 2024 3039 Achivi
2054 2999 2152 3035 ex-

1125 3070 1408 3137 „solvunt3
1454 3070 1740 3126 insaniunt
1781 3078 1973 3125 autem
2016 3086 2152 3140 pec·

1150 3164 1396 3225 eantque
1449 3165 1574 3211 tam
1621 3156 1831 3211 Graeci
1872 3155 2153 3210 Troianos

1149 3240 1489 3310 obsidentes,
1564 3258 1740 3314 quam
1804 3241 2040 3298 Troiani
2110 3256 2151 3292 a

1150 3326 1391 3380 Graecis
1434 3329 1658 3384 obsessi.
1808 3355 1811 3358 ·
1892 3355 1899 3364 ·

1240 3431 1292 3465 v.
1331 3413 1414 3464 17.
1475 3416 1714 3483 Rursus,
1760 3422 1820 3468 at
1851 3413 2004 3466 idem
2031 3415 2148 3465 Ho-

1151 3515 1341 3551 merus
1382 3498 1445 3554 in
1488 3497 1752 3569 Odyssea,
1797 3517 1969 3568 quam
1998 3499 2059 3551 in
2087 3517 2144 3554 v.

1151 3585 1239 3637 21.
1270 3583 1555 3655 designat3
1603 3602 1740 3654 pro:
1770 3603 1951 3635 rursus
1979 3584 2049 3636 ad
2073 3585 2145 3634 si-

1149 3669 1333 3723 bilum
1386 3671 1685 3739 repetitae
1718 3670 1965 3739 syllabae
2005 3670 2148 3721 fina-

1147 3754 1220 3807 lis
1264 3772 1325 3806 us
1368 3754 1429 3807 in
1471 3761 1735 3824 sequente
1785 3772 1922 3808 voce
1967 3754 2146 3806 virtus

1153 3839 1505 3906 evitandum,
1549 3840 1825 3892 Bentleius
1868 3840 1940 3894 ad
1984 3840 2147 3895 unius

1151 3924 1376 3977 Codicis
1448 3927 1619 3978 fidem
1690 3925 1845 3979 dedit
1918 3944 2145 3979 rursum.

1152 4009 1262 4062 Sed
1302 4018 1421 4063 tam
1463 4011 1756 4080 religiosus
1794 4012 1855 4073 in
1886 4011 2145 4066 molliore

1151 4111 1415 4149 versuum
1456 4112 1693 4149 munero
1731 4113 1847 4150 non
1886 4098 1999 4153 fuit
2029 4101 2148 4156 Ho-

1151 4180 1347 4235 ratius-
