2682 4858
560 226 784 337 EPJS
803 225 1087 295 TOLA
1128 225 1265 294 AD
1307 224 1765 296 PISONES.

2086 242 2215 305 429

129 404 601 504 PurpureuS,
653 401 799 473 late
851 399 984 500 qui
1030 391 1436 498 splendeat,
1490 427 1677 472 unus
1733 421 1804 473 et
1855 402 2058 477 alter'
2120 417 2210 483 15

129 524 483 597 Assuitur
533 547 850 620 pannuS,
906 547 1075 592 cum
1123 522 1337 594 lucus
1392 539 1464 593 et
1513 547 1633 593 ara
1682 519 1986 618 Dianae,

128 646 218 716 Et
267 642 734 743 properantis
786 667 1007 740 aquae
1057 664 1188 739 per
1240 666 1579 716 amoenos
1621 640 1928 714 ambitus
1976 673 2212 747 agr-03,

128 765 279 836 Aut
329 768 618 836 flumen
667 761 1037 853 Rhenum,
1106 781 1230 832 aut
1278 760 1567 859 pluvius
1619 762 2053 837 describitur
2107 795 2214 840 ar-

1469 908 1619 973 cuS,

130 1001 278 1077 Sed
344 1030 562 1077 nune
626 1029 780 1076 non
848 1021 1000 1075 erat
1058 997 1177 1082 his
1245 1001 1493 1095 loeus-3
1578 1022 1650 1073 et
1712 1001 2021 1077 fortasse
2090 1031 2251 1080 cu-·

1469 1146 1797 1219 'pressum

131 1241 283 1318 Scis
309 1243 707 1339 simulare3
760 1240 940 1344 quid
968 1239 1143 1337 hoe,
1181 1243 1258 1316 ‘si
1289 1242 1534 1317 fractis
1563 1263 1802 1316 enatat
1829 1268 2076 1345 exspes
2114 1263 2209 1325 20
2258 1289 2261 1294 ·

136 1524 261 1575 que,
310 1515 384 1560 ut
430 1505 569 1559 infr.
614 1525 667 1560 v.
700 1506 786 1560 95.
829 1523 964 1578 pro:
1023 1523 1140 1563 non

133 1608 294 1659 raro3
344 1601 402 1644 et
434 1593 520 1644 sic
546 1593 754 1662 passim
782 1594 929 1662 apud
956 1595 1137 1647 Hora-

135 1677 309 1743 tium3
375 1678 644 1747 exempla
696 1676 823 1729 vide
876 1696 1025 1749 supr.
1068 1680 1140 1733 ad

135 1762 300 1832 Epist.
333 1764 363 1815 I
384 1801 401 1830 ,
452 1764 553 1828 18,
598 1758 685 1817 94.

215 1866 270 1900 v.
305 1848 581 1901 15—16.
653 1850 964 1918 Purpureus
997 1872 1138 1921 pan-

141 1949 267 2001 nus,
311 1934 437 1987 iam
483 1933 553 1986 de
594 1935 930 2004 pigmentis,
976 1954 1137 1990 vene-

140 2019 320 2089 ribus,
383 2020 562 2086 fuco,
623 2027 680 2074 et
724 2020 1005 2090 quibusvis
1046 2040 1138 2075 ex-

142 2106 306 2156 ternis
363 2105 749 2170 ornamentis,
826 2107 1138 2163 orationem

143 2190 448 2258 speciosam
492 2189 867 2244 reddentibus.
890 2219 978 2232 --
1019 2212 1138 2246 cum

149 2276 292 2327 lucus
325 2286 485 2344 cett„
526 2276 639 2327 iam
681 2278 945 2330 Horatius
988 2288 1140 2332 aeta-

144 2359 209 2411 tis
263 2378 398 2414 suae
457 2369 651 2432 poetas
709 2363 918 2433 carpit,
979 2381 1137 2436 quos,

148 2455 368 2499 externa
414 2456 745 2500 ornamenta
799 2450 1138 2503 carminibus

149 2532 254 2583 suis
318 2541 678 2603 quaerentes,
749 2536 968 2602 poetica
1022 2536 1141 2589 luci

151 2616 353 2670 Dianae
421 2629 480 2672 et
552 2618 767 2687 obliqui
833 2620 975 2688 rivi,
1045 2630 1142 2675 aut

147 2701 338 2769 Rheni,
374 2714 478 2757 aut
520 2703 698 2772 pluvii
738 2721 896 2757 arcus
931 2706 1137 2759 descri-

149 2786 360 2856 ptione,
417 2789 605 2840 aliena
658 2788 823 2857 plane
871 2809 905 2842 a
944 2791 1144 2861 scripti

153 2873 412 2926 carminis
437 2883 792 2944 argumento,
826 2893 943 2929 sese
964 2878 1138 2930 iacta-

151 2970 208 3006 re
247 2958 359 3023 εἰη
406 2976 493 2998 -’
564 2960 717 3012 lucus
756 2972 808 3012 et
851 2981 950 3013 ara
997 2963 1137 3014 Dia-

155 3058 282 3111 nae,
329 3059 463 3097 eum
491 3044 681 3112 plures
710 3044 826 3098 luci
856 3063 989 3099 cum
1026 3048 1136 3101 aris

153 3125 360 3181 Dianae
387 3128 790 3199 sacri'fuerint,
837 3133 910 3195 (v,
933 3135 1134 3201 Spanlz.

156 3210 221 3264 ad
269 3214 678 3269 Callimachum
730 3218 802 3269 H.
862 3218 924 3269 in
970 3220 1134 3271 Dian.

155 3311 205 3346 v·
237 3293 355 3368 1042
398 3312 456 3354 et
495 3302 672 3371 Heyn.
716 3303 948 3356 Excute.
990 3305 1135 3357 VIII.

159 3379 224 3433 ad
261 3383 408 3459 Virg.
443 3390 580 3440 Ae'n.
610 3389 732 3440 VII.
769 3387 921 3455 761.)
968 3406 1138 3459 quem

155 3467 496 3533 potissimum
560 3468 982 3528 describendum
1034 3475 1138 3528 sibi

158 3558 404 3610 nunserit
446 3575 616 3611 vanus
673 3559 902 3629 quidam
953 3569 1138 3631 poeta,

161 3632 480 3696 divinationi
517 3644 868 3713 relinquitur.

237 3741 288 3776 v.
324 3726 407 3781 17.
466 3731 541 3781 Et
583 3731 918 3798 properantis
963 3749 1139 3801 aquae

164 3815 314 3877 cett„
375 3813 593 3885 obliqui
645 3815 755 3868 rivi
810 3815 1136 3883 descriptio-

165 3903 288 3945 nem
325 3895 551 3969 ingenio
584 3902 805 3969 poetico
838 3900 1139 3954 admodum

166 3988 522 4045 opportunam
563 4001 695 4052 esse,
738 3981 854 4038 iam
883 3986 998 4053 ipse
1021 3989 1138 4039 Ho-

165 4061 324 4117 ratius
364 4070 635 4136 ostendit3
704 4080 787 4124 est
840 4071 992 4123 enim
1046 4071 1140 4124 hic

170 4156 340 4204 venua
404 4154 844 4226 elegantissimus
860 4194 877 4223 ,
958 4166 1012 4209 et
1068 4154 1140 4210 ad

1225 1527 1352 1576 eos,
1413 1525 1552 1580 quos
1592 1525 1744 1578 mpr.
1787 1507 1860 1561 ad
1900 1508 2013 1564 Sat.
2054 1512 2113 1577 1,
2160 1513 2213 1582 1,

1226 1591 1347 1649 114.
1392 1594 1632 1647 delectos
1671 1592 1925 1662 laudavi,
1968 1596 2213 1649 referen-

1226 1668 1344 1734 dus,
1394 1706 1480 1720 ——
1530 1680 1779 1744 ambitus,
1820 1679 2104 1750 eleganter
2145 1681 2212 1735 de

1225 1765 1451 1835 obliquo
1489 1773 1544 1816 et
1585 1773 1833 1816 tortuoso
1875 1766 1982 1818 rivi
2026 1783 2210 1833 cursu,

1225 1851 1344 1903 aive
1375 1852 1444 1903 de
1471 1850 1578 1902 rivi
1610 1849 1987 1915 anfractibus3
2017 1852 2212 1905 eadem

1225 1935 1504 2007 elegantia
1555 1951 1703 2004 supr.
1752 1934 1858 1988 Od.
1902 1937 1982 1999 11,
2026 1936 2078 1990 3.
2135 1938 2210 2003 ΙΙ,

1225 2021 1308 2074 12.
1353 2033 1401 2074 et
1449 2022 1667 2088 obliquo
1712 2020 1931 2072 laborat
1956 2021 2212 2091 Lympha

1210 2104 1403 2174 fugax
1447 2107 1720 2174 trepidare
1762 2106 1899 2158 rivo.

1306 2210 1359 2243 v.
1391 2191 1473 2245 18.
1514 2192 1863 2258 Autflumen
1889 2191 2089 2258 Rhea„
2118 2209 2211 2244 re·-

1220 2277 1403 2346 spexit
1444 2277 1674 2329 fortasse
1720 2277 1985 2329 Horatius
2029 2278 2210 2346 turgi-

1222 2363 1358 2415 dum
1409 2362 1706 2432 Alpinum,
1770 2361 1865 2431 qui
1907 2377 2053 2431 supr.
2099 2364 2209 2422 Sat.

1222 2450 1282 2513 1,
1319 2450 1431 2513 10,
1478 2446 1565 2500 37.
1610 2449 1814 2500 luteum
1859 2459 2023 2517 caput
2056 2449 2210 2501 Rhe-

1223 2535 1285 2585 ni
1328 2533 1627 2601 defluxisse
1662 2532 1883 2585 dieitur.

1307 2637 1362 2672 v.
1392 2619 1650 2671 19--20.
1692 2619 1980 2683 simulare,
2028 2620 2217 2689 expri·'

1222 2721 1415 2772 mere,
1482 2713 1547 2756 ut
1600 2720 1751 2772 supr.
1806 2704 1981 2772 Epist.
2026 2706 2109 2771 Π,
2158 2706 2206 2771 1,

1221 2788 1341 2843 241.
1389 2808 1521 2843 aera
1561 2789 1862 2840 Alexandri
1889 2789 2099 2842 vultum
2137 2792 2211 2841 si·
2290 2828 2291 2831 η

1222 2876 1521 2945 ηιιιὶιινιηά.υ
1548 2900 1637 2917 -·-
1693 2872 1940 2942 fortasse
1999 2893 2216 2944 cupres-

1221 2979 1343 3012 sum
1401 2962 1514 3013 Scis
1568 2961 1861 3022 simulan3
1921 2960 2072 3013 hune
2128 2960 2213 3013 lo·

1221 3063 1357 3098 oum
1396 3046 1478 3098 ita
1514 3045 1886 3116 interpretor:
1946 3045 2216 3099 Horatius

1218 3130 1336 3183 iam
1394 3140 1684 3200 comparat
1741 3139 1962 3183 notatos
2021 3141 2217 3201 poetae

1221 3233 1355 3269 cum
1403 3218 1617 3286 pictore
1672 3216 1946 3286 quodam,
2004 3215 2104 3286 qui
2153 3216 2215 3269 in

1221 3312 1341 3356 arte
1392 3299 1630 3372 pictoria
1685 3301 1766 3353 nil
1823 3301 1929 3353 nisi
1985 3315 2214 3371 cuprea-

1220 3406 1345 3441 sum
1387 3388 1617 3460 pingere
1662 3386 1963 3441 didiceratz
2017 3403 2215 3463 quem·

1221 3473 1527 3527 admodum
1571 3473 1748 3543 igitur
1788 3469 1975 3541 pictor
2004 3470 2103 3524 ille
2124 3472 2213 3542 ⁴pi-

1220 3569 1440 3611 oturam
1485 3577 1519 3612 a
1558 3576 1615 3611 se
1662 3556 2070 3627 postulantibus
2120 3557 2214 3609 de-

1218 3644 1431 3714 pictam
1456 3658 1775 3713 cupressum
1800 3642 2098 3694 obtrudere
2127 3658 2214 3695 so-

1216 3729 1399 3794 lebat,
1442 3730 1524 3782 ita
1566 3738 1766 3797 poetae
1807 3725 1931 3793 illi,
1971 3742 2102 3780 cum
2127 3735 2216 3779 to·-

1221 3815 1268 3867 ti
1312 3814 1480 3867 alicui
1522 3814 1606 3867 rei
1643 3814 1791 3866 iusto
1835 3812 2084 3865 carmine
2126 3829 2219 3866 ce-

1222 3899 1518 3952 lebrandae
1574 3899 1817 3968 impares
1875 3907 2086 3963 essent,
2147 3897 2219 3950 ad

1222 4002 1414 4038 rerum
1465 3984 1817 4055 singularum
1876 3983 1972 4049 (ut
2013 3983 2215 4048 Rheni,

1222 4069 1363 4137 rivi,
1421 4086 1582 4122 arcus
1625 4069 1838 4139 pluvii)
1895 4066 2217 4137 descriptio-

1223 4171 1321 4209 nee
1365 4156 1482 4209 aive
1540 4155 1612 4209 ad
1662 4154 1814 4208 locos
1870 4169 2212 4217 communes,
