2682 4858
531 213 1301 352 Erls'ronanvm
1343 214 1781 305 LIB.11‚1.

118 394 434 468 Carmen
489 389 812 462 maiestas
864 343 1152 489 recipit
1175 409 1338 483 tua,
1395 414 1531 462 nec
1582 416 1787 464 meus
1837 392 2054 470 audet

114 514 300 587 Rem
345 532 626 584 tentare
679 507 964 609 pudor,
1018 537 1284 611 quam
1288 509 1479 584 vires
1531 510 1718 582 ferre
1775 538 2128 591 recusent.

113 630 477 706 Sedulitas
528 650 808 722 autem,
861 631 1117 723 stulte,
1157 655 1393 740 ‘quem
1441 627 1715 729 diligit,
1769 656 2004 736 urget,
2047 651 2193 715 260

107 751 514 850 Praecipue
569 781 737 825 cum
792 779 867 825 se
919 748 1240 823 numeris
1293 750 1759 824 commendat
1814 774 1885 826 et
1938 777 2126 831 arte:

113 873 344 946 Discit
398 871 600 943 enim
651 861 860 944 citius
911 868 1380 968 meminitque
1432 870 1770 944 libentius
1822 872 2032 969 illud,

120 991 346 1083 Quod
400 992 567 1092 quis
611 988 951 1085 deridet,
1020 1015 1241 1090 quam
1291 988 1498 1091 quod
1547 991 1811 1089 probat
1863 1014 1935 1067 et
1982 1022 2199 1073 vene-

112 1233 234 1310 Nil
283 1258 551 1306 moror
615 1229 982 1324 officium,
1041 1230 1243 1329 quod
1294 1255 1411 1303 me
1465 1251 1747 1331 gravat,
1818 1260 1901 1307 ac
1953 1262 2195 1340 neque
2290 1269 2293 1272 ·
2346 1247 2363 1274 ¹

114 1471 198 1546 In
247 1472 468 1572 peius
519 1472 736 1547 vultu
783 1469 1100 1573 proponi
1150 1498 1403 1546 cereus
1453 1501 1783 1576 usquam,

1458 1131 1675 1206 ratur.

1457 1352 1633 1426 ficto
2140 1403 2149 1410 -

2049 1491 2195 1580 2⁶5.

116 1593 263 1668 Nec
315 1619 541 1694 prave
594 1595 804 1678 factis¹
851 1591 1181 1666 decorari
1232 1592 1552 1666 versibus
1613 1614 1824 1692 opto:

117 1714 228 1789 Ne
278 1717 592 1789 rubeam
643 1714 900 1814 pingui
949 1710 1255 1786 donatus
1307 1741 1650 1814 munere,
1702 1734 1774 1786 et
1822 1741 1967 1790 una

120 1835 303 1908 Cum
356 1836 715 1936 scriptore
766 1859 948 1920 meo
991 1860 1201 1933 capsa
1253 1855 1636 1933 porrectus
1688 1855 1937 1937 aperta

199 2120 253 2154 v.
275 2100 400 2155 258.
447 2099 669 2170 recipit,
698 2097 962 2170 admittit,
1001 2107 1117 2152 tra-

125 2183 181 2236 di
221 2187 326 2239 tibi
367 2188 601 2258 patitur.

202 2286 255 2323 v.
294 2272 418 2325 259.
494 2284 771 2339 recusent,
835 2286 951 2322 non
991 2286 1119 2340 pos-

124 2355 255 2422 sint,
300 2357 397 2409 cui
439 2357 705 2411 ferendae
749 2356 893 2409 vires
931 2355 1114 2433 impa-

123 2457 210 2493 res
250 2441 391 2507 sint,
456 2452 523 2495 ut
576 2460 726 2513 supr.
780 2461 836 2495 v-
878 2441 1000 2495 208.
1061 2429 1118 2495 ei:

124 2525 250 2578 infr.
307 2528 368 2579 in
425 2528 599 2598 Epist.
658 2527 729 2580 ad
767 2527 873 2582 Pis.
918 2526 1003 2580 89.
1061 2540 1119 2580 et

124 2622 340 2665 versate
372 2615 502 2678 diu,
564 2615 692 2681 quid
723 2612 880 2679 serre
922 2630 1118 2665 recu·

126 2710 309 2764 sent,
357 2699 515 2771 Quid
547 2701 768 2750 valeant
798 2700 1030 2751 humeri.

203 2800 255 2836 v.
286 2783 632 2837 260—270.
705 2785 975 2838 Sedulitas
1012 2801 1114 2835 au·

124 2880 244 2935 tem,
289 2879 423 2924 cett.
512 2870 740 2925 Sensus.
796 2869 979 2923 Stulta
1017 2885 1115 2921 au-

124 2956 234 3004 tem
277 2964 361 3007 est
404 2954 656 3008 officiosa
685 2957 794 3008 ista
831 2953 1111 3024 sedulitas,

129 3036 271 3103 (nost
311 3022 836 3108 zuaringzichkeim
864 3054 972 3111 qua
994 3040 1117 3110 quis

127 3121 204 3187 ei,
290 3143 449 3194 quem
521 3127 741 3193 diligit,
842 3126 1113 3196 (patrono

127 3209 254 3273 sud)
327 3226 389 3262 se
453 3209 703 3263 obtrudit
722 3248 740 3277 ,
815 3212 1115 3281 praecipue

127 3306 253 3344 cum
304 3312 364 3347 se
408 3296 730 3348 carminum
773 3313 1116 3366 componen-

127 3374 322 3431 dorum
378 3364 512 3434 arte⁹
557 3380 950 3474 commendam
1014 3399 1115 3451 pa·

126 3466 311 3515 nonus
355 3464 538 3532 enim,
597 3483 740 3536 quae
795 3476 925 3518 sunt
980 3466 1118 3518 ridi-

83 3620 86 3623 ,
129 3545 251 3598 cula
288 3549 351 3601 in
396 3552 669 3604 eiusmodi
711 3551 991 3619 carmine,
1038 3551 1117 3604 ci-

128 3628 232 3682 tius
269 3635 495 3703 (discit)
539 3637 764 3706 arripit,
824 3646 881 3690 et
920 3634 1117 3690 lnben-

129 3711 233 3766 tin·
273 3717 333 3773 in
375 3721 648 3774 memoria
700 3731 890 3790 tenet,
945 3739 1118 3793 quam

131 3813 209 3863 ea,
242 3818 385 3872 quae
412 3807 612 3876 prohat
638 3816 696 3859 et
720 3800 930 3860 laudat.
977 3809 1119 3873 (Iam

132 3881 386 3943 Horatius
411 3894 800 3946 Maecenatem
825 3892 914 3945 vel
940 3892 1118 3945 alium

131 3977 438 4043 patronum,
478 3979 572 4031 cui
613 3978 850 4031 molesta
887 3988 970 4030 est
1011 3979 1119 4031 ista

135 4057 463 4119 carminibus
503 4081 564 4116 se
597 4060 1119 4118 commendantium

134 4137 415 4217 'edulium
470 4149 798 4222 loquentem
838 4147 1112 4216 inducit.)

1199 2101 1392 2171 Apage
1432 2100 1789 2153 sedulitatem
1816 2100 2005 2169 istam,
2051 2102 2193 2174 quae

1198 2185 1341 2238 mihi
1384 2185 1622 2239 molesta
1663 2196 1774 2254 est3
1819 2185 1905 2237 uti
1946 2203 2051 2257 ego
2078 2205 2190 2240 non

1198 2271 1359 2323 vultu
1404 2271 1701 2340 depravato
1743 2271 1805 2323 in
1847 2286 1975 2323 cera
2001 2273 2195 2345 effingi

1201 2364 1258 2408 et
1299 2357 1566 2426 proponi,
1618 2357 1699 2410 ita
1740 2373 1846 2409 nec
1886 2372 2057 2425 prave
2106 2357 2193 2411 fa-

1202 2442 1308 2495 ctis
1337 2434 1594 2496 'versibus
1624 2441 1895 2510 celebrari
1926 2443 2073 2511 volo,
2117 2461 2192 2497 ne

1203 2528 1436 2581 donatus
1488 2530 1715 2596 (pingui
1768 2531 2012 2596 munere)
2069 2545 2192 2583 car-

1201 2613 1355 2667 mine
1420 2613 1618 2684 pingui
1689 2616 1949 2668 Minerva
2016 2615 2189 2684 facte,

1197 2716 1323 2752 rem
1362 2698 1678 2769 pudendam
1722 2699 1991 2769 experiar,
2035 2710 2092 2754 et
2133 2701 2194 2754 in

1199 2802 1333 2837 arca
1375 2792 1566 2854 aperta
1597 2794 1888 2854 porrectus
1916 2802 2029 2838 una
2060 2803 2194 2840 cum

1199 2879 1367 2941 poeta
1408 2885 1535 2922 meo
1594 2869 1815 2924 deferar
1866 2870 1928 2923 in
1981 2872 2191 2940 vicum,

1197 2955 1298 3009 ubi
1354 2955 1416 3009 in
1467 2955 1715 3008 tabernis
1788 2956 2194 3024 (Kramlae'iden)

1196 3040 1515 3095 venduntur
1547 3040 1679 3093 thus
1722 3051 1778 3094 et
1818 3058 1906 3094 res
1948 3042 2192 3096 odorife-

1197 3143 1312 3191 rae,
1362 3135 1418 3178 et
1444 3126 1621 3195 piper,
1656 3135 1712 3178 et
1743 3126 2013 3198 quidquid
2043 3144 2190 3181 mer-

1198 3212 1352 3265 cium
1410 3211 1617 3264 chartis
1668 3212 1962 3266 inutilibus
2014 3212 2195 3267 invol-

1198 3297 1366 3356 vitur.

1283 3401 1337 3439 v.
1373 3382 1494 3435 260.
1551 3383 1746 3450 stulte,
1790 3400 1905 3437 non
1948 3382 2021 3435 ad
2063 3383 2193 3436 dili-

1198 3470 1322 3537 git,
1378 3466 1476 3520 sed
1518 3467 1589 3519 ad
1633 3480 1793 3537 urget
1832 3467 2193 3521 referendum

1199 3552 1469 3617 videtur,
1498 3552 1660 3621 posui
1700 3553 1877 3623 igitur
1904 3563 2032 3622 post
2054 3555 2195 3607 stul-

1201 3651 1254 3689 u
1297 3636 1709 3691 distinctionem
1752 3639 2050 3693 minorem.

1288 3741 1340 3774 v·
1386 3721 1507 3773 268.
1550 3736 1869 3790 porrectus,
1912 3740 2030 3776 non
2070 3741 2195 3778 ma-

1200 3808 1255 3862 le
1308 3808 1423 3859 Vct.
1454 3806 1676 3858 Schol.:
1720 3809 1929 3877 „quasi
1956 3825 2195 3863 mortuus

1202 3895 1262 3945 in
1278 3892 1575 3959 seretr0‚“
1633 3891 1730 3943 sed
1772 3893 1915 3946 mihi
1955 3895 2018 3947 in
2056 3913 2196 3949 voce

1197 3988 1478 4047 porrectus
1530 3974 1718 4044 lepida
1766 3978 1963 4050 imago
2019 3982 2195 4043 latere

1198 4061 1458 4128 videtur;
1500 4061 1758 4115 laudatus
1793 4082 1837 4117 ar
1868 4066 2019 4119 malo
2060 4084 2195 4138 poe-

1197 4156 1259 4203 ta
1307 4163 1422 4202 una
1472 4162 1605 4201 cum
1654 4147 1947 4206 laudatore
1987 4169 2090 4207 suo
2136 4153 2197 4207 in

2069 231 2199 296 397
2269 259 2276 284 ·

2286 811 2317 834 δ
