2682 4858
497 205 626 266 218

1008 190 1108 279 o.
1164 189 1643 260 noRATn·
1700 130 2084 261 FLAcc1

503 367 697 469 Ergo
747 364 878 440 ubi
927 387 1298 467 purpurea
1348 383 1774 463 porrectum
1822 364 1906 439 in
1957 384 2154 443 veste
2203 334 2444 441 locavit

502 487 922 586 Agrestein:
977 482 1202 557 veluti
1251 484 1672 558 succinctus
1725 487 2023 561 cursitat
2072 488 2355 585 hospes,

502 605 1040 705 Continuatque
1093 601 1354 705 dapes.‚
1408 631 1545 680 nec
1595 633 1770 685 non.
1801 609 2175 684 verniliter
2228 607 2389 704 ipsis

500 726 863 825 Fungitur
917 723 1210 819 officiiS,
1264 727 1760 824 praelambens
1809 757 2051 823 omne,
2107 726 2310 828 quod
2350 729 2534 799 affert.

500 846 636 920 Ille
684 843 963 918 cubans
1015 848 1284 944 gaudet
1332 868 1607 921 mutata
1656 869 1890 942 sorte,
1942 850 2300 946 bonisque

2420 860 2532 921 110

502 970 747 1042 Rebus
798 965 946 1067 agit
992 967 1267 1041 laetum
1317 965 1728 1041 convivam:
1781 995 1951 1040 cum
2017 969 2257 1042 subito
2323 967 2535 1069 ingens

500 1089 890 1163 Valvarum
940 1085 1281 1187 strepitus
1329 1086 1537 1162 lectis
1586 1087 1895 1162 excussit
1943 1108 2358 1188 utrumque.

500 1210 817 1283 Currere
859 1234 993 1307 per
1041 1229 1284 1282 totum
1332 1206 1577 1308 pavidi
1629 1210 2014 1303 conclave,
2065 1210 2432 1310 magisque

498 1329 878 1405 Exanimes
927 1328 1329 1429 trepidare,
1382 1329 1599 1404 simul
1651 1327 1910 1405 domus
1963 1331 2101 1404 alta
2154 1327 2472 1403 Molossis

499 1450 891 1527 Personuit
956 1449 1283 1526 canibus.
1398 1450 1597 1524 Tum
1658 1450 2002 1524 rusticus:
2104 1448 2337 1523 Haud
2396 1443 2542 1520 mihi

1837 1593 1980 1645 vita
2428 1578 2538 1643 115

496 1693 627 1766 Est
676 1716 863 1792 opus
910 1690 1093 1786 hac,
1146 1692 1279 1788 ait,
1332 1711 1407 1765 et
1455 1691 1720 1767 valeas:
1773 1715 1891 1763 me
1944 1690 2114 1766 silva
2165 1715 2504 1789 cavasque

500 2015 602 2061 est.
669 2007 854 2060 Immo
913 2011 1107 2080 procul
1189 2009 1310 2063 iam
1386 1995 1531 2065 est:-

500 2110 616 2146 non
643 2093 724 2146 ita
748 2096 975 2164 procul,
1022 2094 1237 2148 scilicet
1272 2115 1306 2149 a
1335 2111 1498 2148 men·

499 2197 591 2243 sa,
638 2179 738 2232 ubi
779 2191 1077 2234 coenatum
1105 2182 1311 2248 fuerat,
1347 2180 1498 2233 ideo-

499 2281 612 2335 que
633 2281 771 2334 pro:
831 2265 892 2319 in
930 2267 1273 2338 propinqum
1332 2266 1500 2337 plane

497 2351 582 2404 ita
622 2344 814 2420 proc'ul
858 2352 1008 2421 apud
1059 2352 1257 2423 virgil.
1299 2352 1499 2424 Eclog.

498 2438 600 2498 VI.
661 2437 751 2492 16.
827 2440 982 2491 Serta
1038 2441 1230 2510 procul
1286 2452 1502 2491 tantum

503 2522 678 2592 capiti
749 2524 974 2592 delapsa
1029 2524 1302 2578 iacebant.
1361 2527 1495 2578 Aen.

500 2611 566 2663 Χ.
610 2606 729 2661 835.
775 2609 984 2663 Procul
1034 2609 1232 2676 (iuxta,
1278 2609 1339 2662 in
1366 2628 1497 2681 pro-

501 2694 736 2764 pinquo)
787 2713 948 2747 aerea
996 2697 1168 2747 ramis
1213 2696 1497 2765 Dependet

500 2779 688 2848 galea.
739 2806 824 2821 -—
881 2783 1194 2853 exstructis,
1259 2783 1332 2834 ob
1376 2800 1498 2835 ma-

500 2880 677 2934 gnam
718 2864 1068 2936 reliquorum
1122 2867 1496 2935 ferculorum,

503 2964 648 3019 quae
703 2959 996 3003 servantur
1049 2950 1140 3014 gin
1224 2953 1498 3019 canistris,

501 3034 751 3104 copiam,
840 3044 906 3088 ut
960 3053 1148 3090 mensa
1202 3053 1502 3108 exstructa,

499 3121 561 3172 in
604 3136 715 3189 qua
760 3120 1052 3191 splendide
1109 3122 1376 3192 disposita
1418 3135 1503 3179 est

499 3222 708 3277 magna
749 3207 1264 3279 epularumcopia.

584 3309 639 3345 v.
686 3292 805 3346 106.
887 3310 1013 3347 mus
1066 3295 1336 3360 rusticus,
1402 3296 1503 3366 qui

502 3386 634 3430 unte
675 3387 965 3446 porrectus
996 3380 1246 3433 iacuerat
1282 3382 1344 3434 in
1370 3382 1501 3435 hor-

499 3479 577 3515 na
617 3462 797 3533 palea,
843 3466 1013 3518 cubet
1053 3482 1205 3519 nunc
1246 3466 1308 3519 in
1352 3476 1503 3521 veste

500 3565 797 3619 purpurea.
883 3552 1025 3604 Sane
1059 3553 1133 3603 *in
1185 3552 1292 3604 hac
1349 3555 1501 3607 vitae

500 3634 776 3703 urbanae,
845 3654 957 3706 qua
1010 3653 1162 3690 nunc
1221 3637 1501 3708 gaudebat

503 3735 627 3770 mus
667 3722 937 3788 rusticus,
986 3721 1354 3793 descriptione
1385 3741 1499 3776 non

499 3804 621 3855 eine
664 3808 839 3860 animi
857 3871 862 3882 ,
881 3809 1168 3878 voluptate
1201 3809 1500 3864 contendes

502 3888 724 3959 singula
780 3910 910 3946 cum
971 3893 1235 3964 singulis,
1295 3896 1500 3967 quibus

502 3983 668 4026 antea
709 3978 824 4030 vita
867 3978 985 4032 eius
1040 3981 1249 4034 rustica
1301 3981 1500 4035 adum-

500 4058 664 4111 brata
704 4071 801 4112 est.

589 4163 637 4194 v.
658 4146 963 4202 los—109.
984 4149 1390 4226 continuatque
1404 4155 1502 4208 da-

1542 4067 1547 4074 ’
1582 4065 1831 4137 quodam
1898 4082 2136 4136 genere;

377 1866 393 1875 -
499 1813 739 1887 Tutus
784 1808 877 1885 ab
924 1812 1204 1887 insidiis
1266 1811 1473 1887 tenui
1521 1812 1877 1888 solabitur
1929 1836 2126 1887 erv0.

1583 2025 1694 2078 pes,
1710 2008 2076 2076 continenter,
2111 2024 2227 2061 uno
2242 2017 2429 2062 tenore
2438 2003 2543 2058 alias

1582 2103 1749 2163 atque
1792 2095 1926 2148 alias
1967 2094 2135 2163 dapes
2175 2101 2444 2164 apportat.
2477 2115 2543 2130 ·-·

1584 2182 1869 2231 verniliter
1908 2181 2006 2250 ips.
2052 2180 2234 2247 Fung.
2279 2181 2444 2247 offic„
2477 2179 2540 2244 ip-

1584 2267 1693 2329 sis,
1741 2265 1890 2336 ipsis,
1933 2265 2137 2337 quibus
2178 2282 2395 2317 vernae
2411 2259 2542 2331 fungi

1584 2349 1784 2417 solent,
1804 2350 2058 2421 fungitur
2073 2349 2308 2416 officiis;
2336 2379 2398 2388 —
2420 2365 2543 2417 prae-

1585 2439 1857 2504 lambens,
1918 2454 2033 2490 non
2075 2453 2206 2490 raro
2265 2435 2413 2489 enim
2450 2450 2546 2485 ver·

1581 2539 1687 2576 nae
1769 2525 1954 2587 cibos,
2044 2539 2184 2594 quos
2271 2527 2543 2593 apponunt,

1578 2608 1964 2679 praelambere
2000 2608 2198 2661 solent.
2288 2610 2396 2661 Pro
2418 2623 2546 2675 prae-

1582 2696 1821 2748 lambens
1861 2695 2103 2746 duorum
2146 2693 2327 2747 Codd.
2386 2699 2547 2744 aucto·

1578 2781 1747 2835 ritate
1804 2783 2086 2832 Bentleius
2128 2779 2322 2832 dedit:
2381 2775 2549 2846 praeli-

1584 2866 1720 2918 bans
1746 2885 1769 2931 ;
1824 2867 1939 2919 cibi
1980 2875 2131 2918 certe
2175 2882 2211 2916 a
2258 2863 2546 2917 convivato-

1583 2968 1646 3005 re
1688 2953 1992 3022 praelibari
2054 2950 2317 3004 solebant
2377 2951 2435 3001 in
2476 2961 2549 2996 ur·

1582 3038 1749 3091 banis·
1788 3037 2075 3090 conviviis.

1669 3141 1720 3176 v.
1744 3124 2051 3176 110—-111,
2083 3122 2308 3190 cubans,
2327 3113 2549 3173 cubando

1580 3208 1907 3280 pelliculam
1934 3225 2149 3260 curans.
2197 3237 2273 3246 —-
2325 3206 2551 3269 bonisque

1584 3297 1761 3363 rebus,
1806 3304 1863 3348 et
1903 3295 2101 3347 rerum'
2138 3293 2419 3345 bonarum
2456 3288 2553 3339 fru-

1584 3391 1700 3447 ctu,
1755 3379 2089 3433 constitutus
2130 3382 2339 3449 quippe
2393 3377 2449 3428 in
2483 3387 2552 3423 re·

1582 3466 1685 3519 bus
1727 3465 2022 3535 prosperis.
2064 3491 2148 3504 --
2208 3467 2341 3533 agit
2381 3463 2554 3514 lactum

1585 3555 1890 3615 convivam,
1920 3560 2109 3621 parte·
2134 3550 2274 3603 laeti
2314 3545 2551 3600 convivae

1583 3637 1720 3708 agit,
1762 3638 1975 3690 laetum
2014 3637 2314 3689 convivam
2335 3651 2395 3687 se
2422 3644 2555 3704 prae·

1583 3724 1697 3777 bet.

1668 3827 1720 3863 v.
1795 3803 1915 3864 114.
2018 3809 2288 3864 Molossis
2337 3804 2552 3863 canibus,

1583 3895 1659 3950 cf.
1703 3911 1854 3964 supr.
1900 3891 1972 3946 ad
2009 3895 2185 3964 Epod.
2233 3896 2332 3947 VI.
2378 3894 2426 3944 5.

1667 3998 1722 4031 v·
1785 3979 1903 4035 117.
2034 3999 2187 4044 ervo,
2280 3971 2556 4050 legumini·

2224 4066 2383 4120 tenui
2434 4075 2554 4120 erm»

1583 4153 1657 4207 ad
1698 4161 1929 4206 tenuem
1965 4150 2176 4205 victum
2202 4151 2361 4236 Nervi.
