2682 4858
528 264 1158 337 SATIRARVM
1207 265 1404 333 LIB.
1446 265 1545 344 ΙΙ,
1602 270 1669 332 7.

2013 274 2143 337 223

125 443 487 517 Convivam:
535 445 832 515 nemon’
886 436 1135 515 oleum
1186 436 1324 512 fert
1376 433 1642 511 ocius?
1695 436 1951 537 eequis

124 564 312 637 Audit
329 565 363 637 '.’
412 592 576 661 eum
626 582 891 661 magno
934 559 1244 635 blateras
1279 559 1628 651 clamore,
1679 556 2007 658 furisque
2047 571 2141 637 85

120 680 427 778 Mulvius,
493 705 574 759 et
624 708 947 773 scurrae,
1013 674 1149 754 tibi
1195 707 1352 756 non
1405 675 1788 754 referenda
1840 679 2146 779 precati,

121 805 497 878 Discedunt.
607 803 931 896 Etenim,
985 803 1223 876 fateor
1271 827 1430 894 me,
1485 800 1745 873 dixerit
1796 800 1942 895 ille,

120 925 276 997 Duci
323 947 565 1000 ventre
614 924 885 1015 levem3
937 948 1187 995 nasum
1229 921 1496 1031 &nidore
1549 919 1891 1019 supinor:

119 1042 523 1140 Imbecillus,
575 1045 815 1137 inem,
867 1042 1161 1143 si‘quid
1213 1041 1361 1150 vis,
1416 1041 2002 1141 adde‚'popin0.

118 1325 237 1374 vern,
292 1307 384 1379 qui
422 1322 580 1375 sero,
650 1308 708 1361 h.
755 1324 805 1361 e.
846 1322 1071 1378 vesper-

118 1394 210 1445 tino
245 1402 479 1465 tempore
522 1394 705 1459 venit3
756 1406 814 1445 ut
838 1386 1067 1464 'vesper-

123 1481 238 1530 tinus
281 1480 491 1549 hospes.
559 1480 670 1533 Sat.
716 1482 803 1547 11,
847 1474 915 1548 4,
982 1479 1065 1533 17.

123 1566 202 1615 Sub
249 1568 443 1619 lumina
513 1567 720 1635 prima,
811 1574 874 1616 ut
935 1564 1067 1617 infr.

119 1649 253 1719 Epist.
284 1653 349 1706 11.
373 1654 424 1719 2,
453 1652 544 1705 98.
595 1652 668 1703 ad
709 1652 888 1720 prima
934 1663 1066 1703 tem-

118 1753 239 1803 pora,
276 1738 339 1790 de
384 1737 586 1810 primis
642 1737 912 1803 tenebris,
972 1736 1070 1788 ubi

116 1818 291 1877 lumina
348 1823 409 1877 in
494 1823 750 1876 domibus
835 1822 1070 1874 accendi

116 1906 275 1962 nolent.

181 2009 225 2045 v.
262 1988 342 2048 34.
427 1995 626 2060 oleum,
670 1990 936 2046 lucernae
961 1990 1069 2046 sci-

118 2075 243 2149 licet,
282 2096 413 2150 quae
437 2090 695 2150 tempore
725 2080 905 2130 noctis
935 2096 1072 2130 eun-

119 2162 234 2216 tibus
260 2166 402 2219 viam
439 2167 709 2253 illustret,
765 2165 1073 2218 infunden-

119 2245 242 2303 dum.

182 2350 225 2389 v.
262 2334 341 2391 35.
426 2338 702 2404 blateras,
762 2360 851 2376 —-
895 2335 1070 2387 blate-

119 2437 215 2472 rare
252 2421 312 2476 de
351 2423 436 2493 iis,
481 2422 582 2495 qui
626 2421 915 2476 incondita
948 2439 1070 2475 ver·

115 2502 174 2557 ba
204 2509 432 2578 iaciunt,
473 2508 646 2562 modo
689 2509 825 2576 hoo,
901 2508 1069 2561 modo

117 2587 229 2646 illud
285 2595 403 2649 fieri
460 2596 695 2661 iubent,
768 2603 832 2647 ut
889 2594 1072 2648 solent

114 2673 211 2730 heri
261 2681 588 2734 festinanter
643 2697 673 2733 e
733 2678 899 2732 domo
956 2679 1075 2732 abi-

114 2763 312 2818 turi.—
339 2772 448 2822 Pro
482 2767 753 2836 surisque
796 2765 855 2817 in
899 2764 1078 2836 pluri-

113 2844 194 2900 bus
228 2852 390 2906 codd.
423 2851 718 2921 jugisque,
762 2850 859 2904 sed
900 2851 962 2904 in
993 2851 1074 2903 le·

114 2933 270 2989 ctione
297 2938 553 3008 surisque
593 2936 781 3006 imago
831 2936 1078 2990 hominis

111 3033 221 3085 prae
258 3023 616 3077 festinatione
658 3023 766 3074 huc
800 3022 938 3076 illuc
968 3022 1077 3075 dis-

113 3110 354 3161 currentis
413 3120 470 3163 et
530 3108 924 3161 tumultuantis
991 3108 1075 3162 vi·

111 3188 264 3245 vidius
304 3207 555 3267 expressa
600 3202 696 3246 est.
799 3192 809 3204 '

179 3293 226 3328 v·
265 3279 347 3334 86.
435 3280 704 3346 Mulvius,
751 3291 805 3333 et
831 3294 1072 3347 scurrae,

106 3358 329 3418 Mulvius
393 3377 453 3420 et
508 3373 729 3436 praeter
789 3381 920 3418 eum
976 3364 1072 3416 alii

107 3459 327 3504 murrae.
395 3478 484 3492 —-
571 3452 673 3504 tibi
744 3467 857 3501 non
928 3451 1074 3517 rese·

107 3535 257 3586 remla
304 3537 546 3605 precati,
603 3553 859 3602 scurrae,
918 3536 1074 3606 quia,

107 3613 398 3676 discedente
434 3624 507 3677 ad
535 3615 928 3677 Maecenatem
959 3624 1077 3674 Ho-

104 3703 262 3773 ratio,
318 3708 466 3778 ipsi,
518 3725 672 3760 nuuc
711 3724 889 3762 coena
930 3705 1080 3776 opud

106 3801 218 3842 eum
243 3790 441 3861 delusi,
467 3792 746 3847 discedere
777 3792 1073 3856 debebant,

104 3869 162 3925 de
198 3873 301 3930 hac
356 3895 420 3932 re
473 3878 828 3950 indignantes
886 3876 1078 3930 convi-

103 3956 190 4011 ciis
240 3966 714 4036 persequebantur
755 3962 1077 4029 Horatium,

102 4056 203 4097 nou
241 4048 472 4118 quidem
523 4050 713 4122 palam
775 4059 830 4102 et
885 4064 1076 4100 eorem

101 4125 234 4197 ipso,
278 4135 377 4187 sed
418 4135 571 4189 clam
614 4143 669 4188 et
710 4135 858 4189 inter
898 4147 987 4200 se;
1021 4141 1078 4185 et

99 4208 217 4269 hinc
264 4235 373 4274 non
430 4221 725 4292 reserenda
779 4222 933 4289 (nou
975 4234 1077 4272 eu-

1151 1305 1358 1360 dienda
1399 1303 1676 1370 Horatio)
1731 1307 1950 1377 precati
2006 1306 2149 1375 (im.

1149 1393 1391 1464 precati)
1435 1391 1720 1445 dicuntur.

1235 1538 1287 1575 v.
1347 1519 1435 1577 37.
1534 1520 1754 1573 Etenim
1806 1544 1896 1561 --·
1951 1521 2153 1575 dixerit

1150 1608 1288 1691 ille,
1335 1606 1452 1657 iam
1494 1613 1806 1677 sequuntur
1846 1606 2018 1660 verba
2050 1607 2150 1661 ina

1152 1712 1263 1745 non
1303 1690 1627 1758 referenda,
1683 1692 1881 1761 quibus
1921 1709 2151 1746 scurrae
2192 1698 2197 1705 ”

1152 1788 1451 1832 coenatum
1539 1787 1764 1832 euntem
1847 1778 2183 1859 Horatium!

1151 1864 1413 1917 insectati
1454 1863 1754 1930 dicuntur3
1798 1889 1887 1904 —
1931 1865 2151 1921 Dixerit

1152 1951 1273 2015 ille,
1314 1951 1481 2001 illum
1533 1950 1861 2017 (Mulvium)
1905 1950 1992 2002 his
2034 1951 2152 2003 fere

1152 2035 1337 2089 verbis
1384 2052 1548 2087 usum
1585 2050 1699 2087 esse
1729 2045 1898 2104 puta:
1945 2036 2149 2103 fateor,

1153 2138 1247 2173 me
1289 2138 1406 2173 esse
1449 2136 1700 2172 scurram
1750 2128 1806 2171 et
1858 2118 2153 2175 hominem

1150 2206 1423 2272 inertem,
1462 2205 1560 2275 qui
1601 2204 1807 2257 humili
1850 2213 1972 2257 arte
2009 2205 2151 2259 alio-

1149 2308 1284 2344 rum
1343 2309 1545 2344 coenas
1606 2290 1849 2360 appetit,
1910 2288 2007 2342 sed
2063 2299 2146 2357 tu,

1152 2377 1381 2446 Horati,
1450 2377 1548 2448 qui
1605 2385 1873 2447 tanquam
1944 2376 2153 2432 melior

1151 2481 1244 2517 me
1279 2473 1495 2532 ⁴tractas
1556 2463 1880 2517 insolentius
1897 2502 1919 2534 ,q
1978 2464 2151 2531 idem,

1155 2549 1305 2621 quod
1349 2567 1483 2621 ego,
1546 2549 1644 2601 sed
1681 2550 1783 2602 sub
1828 2551 2009 2618 specie
2050 2551 2155 2603 ho-

1153 2636 1431 2702 nestiore,
1472 2635 1641 2703 facis,
1684 2644 1741 2687 et
1782 2635 2017 2689 fortasse
2059 2653 2154 2691 me

1157 2737 1216 2774 es
1258 2722 1515 2792 nequior.
1557 2748 1645 2763 —
1702 2740 1786 2773 me
1831 2723 1979 2775 Duci
2021 2743 2154 2776 ven-

1161 2822 1243 2859 tre
1286 2809 1493 2875 levem,
1569 2823 1663 2859 me
1709 2824 1822 2861 esse
1862 2807 2157 2863 hominem
2202 2877 2207 2882 .

1160 2894 1371 2958 levem,
1416 2894 1511 2963 qui
1551 2904 1745 2947 ventre
1786 2910 1844 2946 se
1887 2894 2018 2947 duci
2056 2913 2156 2965 pa-

1155 2978 1296 3032 titur
1337 2979 1409 3031 ad
1450 2979 1724 3032 humilem
1768 2988 1983 3046 artem,
2018 2998 2160 3052 ‚qua

1157 3081 1354 3118 scurra
1444 3082 1547 3136 ego
1615 3066 1819 3118 mensis
1887 3065 2159 3119 ditiorum

1156 3146 1456 3217 adhibear;
1532 3181 1596 3190 —
1693 3168 1887 3203 nasum
1964 3153 2160 3203 nidore

1158 3239 1412 3305 supinor,
1488 3237 1707 3289 Graece
1767 3254 1902 3306 pro:
1993 3253 2159 3294 nasus

1154 3322 1351 3375 nidore
1408 3322 1688 3389 (nidorem
1734 3322 1792 3374 h.
1840 3340 1885 3374 e.
1930 3338 2156 3373 suavem

1156 3408 1417 3461 ciborum
1460 3408 1693 3460 odorem
1722 3406 2020 3475 captando)
2063 3424 2157 3459 su-

1154 3493 1408 3565 pinatur,
1464 3511 1685 3547 sumum
1726 3493 1987 3546 trahitur.

1244 3637 1297 3674 v.
1341 3617 1429 3673 39.
1521 3621 1583 3673 Si
1630 3621 1764 3688 quid
1818 3620 1929 3685 uis,
1993 3619 2158 3688 adde,

1159 3716 1315 3777 potes
1360 3693 1583 3777 quoque
1626 3703 1861 3771 addere3
1903 3720 2007 3773 pro
2037 3705 2159 3757 vul-

1162 3792 1316 3862 gari:
1362 3801 1683 3861 praeterea;
1747 3789 2044 3842 commode
2090 3790 2159 3843 de

1159 3877 1266 3929 hac
1305 3875 1571 3945 loquendi
1623 3873 1872 3928 formula
1927 3874 2162 3928 laudant

1158 3962 1276 4016 eie.
1324 3961 1395 4014 ad
1437 3961 1606 4014 Attio.
1636 3959 1758 4026 vn,
1800 3961 1852 4013 2.
1905 3962 2160 4015 Tironem

1162 4047 1354 4098 Patris
1400 4035 1624 4112 eegr-um
1666 4046 1906 4116 reliqui,
1968 4048 2158 4101 adole·

1160 4145 1414 4198 scentem,
1461 4146 1520 4182 ut
1563 4133 1742 4198 nosti,
1808 4145 1865 4185 et
1910 4134 2067 4199 adde,
2113 4133 2162 4183 si

1158 4217 1292 4289 quid
1331 4216 1451 4286 vis,
1509 4218 1783 4286 probum!
1835 4220 1986 4272 nihil
2042 4219 2164 4270 vidi
