2682 4858
429 258 523 325 40
944 243 1039 335 Q.
1100 241 1565 317 noRATu
1620 240 2015 312 Fnacct

429 423 701 499 Doneo
744 413 1002 513 verba,
1077 413 1346 520 quibus
1408 398 1630 493 voees
1694 437 2088 515 sensusque
2145 432 2520 511 notarent,

430 539 902 643 Nominaque
950 536 1329 636 invenere3
1382 536 1652 611 dehinc
1705 535 2039 610 absistere
2079 535 2300 632 hello,

435 659 734 763 Oppida
785 677 1193 760 coeperunt
1237 659 1534 734 munire
1587 677 1662 732 et
1709 681 1992 758 ponere
2039 656 2263 758 legeS,
2332 661 2519 733 ‘105

434 783 552 868 Ne
604 779 767 889 quis
817 781 940 859 fur
995 780 1225 872 esset,
1303 804 1454 851 neu
1504 776 1736 873 latro,
1803 805 1954 853 neu
2002 777 2164 878 quis
2214 774 2526 850 adulter.

433 901 626 982 Nam
690 899 833 975 fuit
899 919 1064 973 ante
1128 899 1486 1013 Helenam
1552 926 1840 973 cunnus
1907 897 2299 973 deterrima
2344 896 2534 972 belli

435 1022 735 1115 Caussa,
785 1002 918 1095 sed
966 1020 1233 1122 ignotis
1285 1004 1659 1121 perierunt
1708 1018 2076 1094 mortibus
2123 1017 2258 1112 illi,

436 1141 647 1231 Quos
694 1139 1065 1216 Venerem
1112 1140 1469 1215 incertam
1515 1136 1876 1240 rapientes
1941 1162 2153 1213 more
2204 1140 2534 1212 ferarum

433 1259 739 1341 'Viribus
789 1260 1054 1338 editior
1102 1259 1483 1355 caedebat,
1513 1278 1596 1332 ut
1645 1258 1726 1333 in
1776 1284 1997 1363 grege
2047 1279 2316 1333 taurus·
2379 1273 2527 1336 110

434 1379 607 1455 Iura
654 1381 954 1458 inventa
1004 1402 1208 1456 metu
1256 1378 1505 1453 iniusti
1554 1378 1821 1454 fateare
1872 1404 2166 1453 necesse
2222 1394 2354 1468 est,

434 1499 807 1603 Tempora
857 1501 918 1577 si
963 1497 1339 1600 fastosque
1389 1500 1565 1576 velis
1620 1497 1949 1574 evolvere
2000 1498 2279 1573 mundi.

429 1620 596 1697 Nee
648 1643 905 1696 natura
951 1640 1191 1720 potest
1238 1620 1431 1696 iusto
1482 1619 2266 1720 secernere‘iniquum,

437 1740 722 1819 Dividit
772 1758 861 1814 ut
906 1741 1099 1817 hona
1150 1739 1490 1838 diversis),
1540 1737 1885 1841 fugienda
1936 1742 2302 1839 petendis:

438 1860 601 1946 Nec
680 1861 927 1939 vincet
1004 1860 1188 1939 ratio
1273 1859 1471 1967 hoc,
1570 1859 2024 1939 tantumdem
2103 1882 2190 1936 ut
2273 1885 2541 1965 peccet

438 2290 545 2349 per
597 2290 837 2351 zeugma
894 2279 1150 2353 proximo
1222 2289 1451 2336 tantum

438 2364 656 2419 nomini
714 2365 1202 2419 accommodatum
1262 2377 1361 2424 est.

525 2483 584 2524 v.
628 2466 746 2522 105.
836 2469 991 2536 leges
1030 2487 1260 2540 ponere,
1315 2487 1449 2526 con-

441 2551 672 2607 stituere
690 2589 707 2620 ,
752 2553 1018 2609 condere.

526 2689 585 2729 v.
645 2671 765 2727 107.
850 2691 1095 2744 cunnus,
1160 2675 1372 2730 iniecta
1413 2692 1450 2731 ο.

439 2756 775 2811 mulieribus
831 2757 1025 2813 libido.
1083 2758 1160 2814 cf.
1218 2762 1292 2814 ad
1332 2763 1448 2816 Sat.

440 2841 491 2913 1,
534 2842 589 2909 ε,
633 2841 724 2900 35.

464 2937 469 2948 ’
526 2962 579 3001 v.
663 2944 784 3000 108.
871 2946 1141 3000 mortibus
1219 2949 1452 3019 ignotis,

442 3048 577 3101 quia
617 3046 817 3084 eorum
869 3034 1101 3086 nomina
1157 3048 1275 3086 non
1333 3052 1453 3087 me-

441 3115 663 3171 moriae
702 3116 925 3189 prodita
965 3126 1097 3172 sunt
1136 3135 1171 3172 a
1216 3120 1454 3191 scripto-

441 3202 616 3256 ribus.

355 3374 369 3380 -
527 3339 582 3378 v·
628 3320 746 3376 109.
824 3321 975 3393 Quos
1016 3324 1145 3378 Ven.
1188 3326 1300 3380 inc.
1333 3343 1453 3395 rap.

443 3424 587 3478 quos
627 3417 855 3462 ruentes
897 3408 970 3462 ad
1011 3409 1345 3480 explendam
1382 3410 1454 3463 li-

440 3490 715 3558 bidinem,
756 3492 929 3547 nullis
955 3502 1079 3548 tum
1103 3493 1320 3565 legibus
1352 3494 1451 3548 ad-

441 3578 745 3648 strictam;
808 3577 1065 3632 nondum
1103 3580 1257 3633 enim
1288 3590 1451 3633 erant

442 3661 740 3734 coniugia3
794 3662 933 3716 hinc
986 3663 1245 3719 additur:
1300 3684 1454 3719 moro

432 3746 689 3815 serarum
710 3766 734 3811 ,-
800 3748 944 3801 liaeo
1012 3749 1191 3802 Venus
1239 3752 1454 3804 incerta

446 3831 713 3885 Lucretio
772 3832 918 3900 (lv,
982 3831 1202 3905 1064.)·
1243 3836 1456 3888 dicitur

444 3917 771 3985 volgivago.
856 3921 1125 3974 Ceterum
1183 3921 1246 3973 in
1303 3921 1455 3978 hanc

444 4001 782 4054 sententiam
832 4003 1127 4059 Lucretius
1183 4007 1233 4060 V
1249 4045 1267 4075 ,
1329 4006 1454 4060 960.

448 4088 528 4139 Et
560 4087 742 4139 Venus
769 4088 832 4139 in
854 4090 1021 4142 silvis
1047 4091 1309 4160 iungebat
1335 4109 1457 4144 cor-

446 4188 588 4242 pora
610 4185 884 4226 amantum
897 4192 921 4238 ,·
951 4175 1294 4230 conciliabat
1312 4177 1458 4230 enim

1780 1980 2152 2085 idemque,
2383 1999 2416 2060 1
2435 2000 2467 2060 1
2485 1998 2533 2063 5

1533 2282 1626 2335 vel
1665 2294 1850 2333 mutua
1892 2299 2159 2353 quamque
2195 2281 2393 2352 cupido
2431 2282 2548 2337 Vel

1533 2367 1778 2421 violenta
1820 2369 1930 2419 viri
1972 2369 2076 2421 vis.

1619 2471 1672 2507 v·
1735 2453 1852 2507 110.
1951 2468 2008 2507 ut
2063 2455 2127 2505 in
2183 2453 2269 2522 ‘gn
2340 2468 2546 2509 taurus

1533 2556 1612 2594 so
1669 2537 1807 2592 alios
1871 2547 2061 2592 tauros
2126 2538 2338 2593 viribus
2394 2541 2547 2594 emi-

1531 2625 1758 2680 nentior
1798 2624 1998 2677 caedit.

1617 2730 1670 2763 v.
1721 2710 1839 2764 112.
1914 2710 2203 2782 fastosque
2242 2713 2448 2779 mundi,
2480 2722 2553 2766 et

1533 2795 1792 2863 annales,
1878 2794 1939 2847 in
1994 2796 2196 2867 quibus
2237 2799 2433 2850 rerum
2475 2798 2548 2850 in

1533 2881 1744 2935 mundo
1760 2880 2004 2952 origines
2019 2883 2374 2954 consignatae
2390 2894 2549 2938 sunt.

1617 2999 1673 3040 v.
1733 2981 1833 3036 113
1890 3011 1967 3024 -
2028 2983 2147 3044 117.
2238 2986 2363 3038 Nec
2416 3000 2546 3041 nat.

1536 3081 1655 3138 pot,
1699 3078 1830 3122 cett.
1874 3085 2092 3122 sensus:
2160 3071 2553 3141 Quemadmo-

1539 3154 1676 3206 dum
1718 3163 1918 3207 natura
1960 3171 2062 3223 per
2100 3171 2160 3209 se
2201 3156 2464 3228 iniquum
2510 3176 2558 3211 a

1535 3239 1683 3293 iusto
1716 3256 2006 3292 secernere
2037 3242 2250 3310 nequit,
2284 3242 2557 3313 quamvis

1539 3325 1657 3392 (ut)
1699 3325 1848 3378 hona
1892 3332 1949 3377 et
1984 3325 2169 3394 mala,
2209 3332 2448 3397 petenda
2487 3338 2558 3381 et

1486 3435 1492 3442 ·
1535 3409 1834 3479 fugienda,
1894 3411 2126 3479 dividit,
2191 3413 2556 3484 (distinguit,

1535 3496 1840 3565 separatim
1881 3498 2168 3567 proponit)
2203 3498 2284 3550 ita
2326 3499 2558 3551 Stoico-

1531 3597 1665 3634 rum
1733 3581 2084 3651 philosophia
2164 3584 2404 3652 probare
2492 3597 2560 3641 et

1536 3665 1794 3721 evincere
1845 3682 1961 3720 non
2013 3660 2224 3737 pbterit
2277 3669 2420 3736 hoe,
2480 3682 2562 3725 ut

1536 3750 1603 3815 is,
1651 3751 1750 3820 qui
1791 3761 2013 3810 teneros
2046 3752 2233 3807 caules
2273 3755 2336 3808 in
2377 3756 2559 3809 horto

1536 3836 1725 3890 alieno
1764 3837 2029 3910 fregerit,
2074 3848 2133 3891 et
2177 3840 2254 3904 is,
2301 3840 2402 3910 qui
2444 3858 2562 3893 no-

1540 3930 1638 3975 ctu
1676 3924 2036 3996 sacrilegium
2075 3925 2306 3993 fecerit,
2364 3942 2562 3982 unum

1537 4006 1805 4081 idemque
1845 4019 2144 4080 peccatum
2166 4011 2560 4079 committant,
2641 4013 2648 4019 '

1536 4093 1654 4146 sive
1723 4104 1790 4147 nt
1847 4094 2038 4148 omnia
2102 4106 2331 4166 peecata
2388 4099 2563 4168 paria.

1536 4177 1673 4233 sint.
