2682 4858
443 164 531 230 88

941 149 1037 241 Q.
1094 149 1571 219 floRA‘ru
1629 148 2025 219 FLACCI

445 325 774 403 Maxima
804 320 1176 420 formid03
1225 351 1398 400 nam
1428 324 1631 399 fures
1672 321 1927 406 dextra
1953 328 2272 416 coercet,

446 449 987 547 Obscoenoque
1016 443 1242 519 ruber
1269 463 1658 546 porrectus
1691 445 1783 519 ab
1815 443 2114 545 inguine
2143 442 2374 542 palus.
2474 451 2524 522 ⁵

446 570 587 644 Ast
610 566 1063 668 importunas
1083 567 1419 643 volucres
1443 564 1529 639 iu
1563 564 1845 651 vertice,
1859 561 2143 639 arundo

446 689 717 764 Terre‘t
742 689 920 783 fixa,
971 705 1310 788 vetatque
1343 682 1552 761 novis
1583 684 1965 760 considere
1997 684 2076 758 in
2117 679 2376 759 hortis.

446 808 617 883 Huc
642 807 843 908 prius
865 807 1184 909 angustis
1215 807 1443 882 eiecta
1473 804 1821 883 cadavera
1849 802 2053 879 cellis

447 929 858 1003 Conservus
882 927 1015 1006 vili
1043 924 1404 1031 portanda
1431 925 1726 1002 locabat
1756 926 1836 999 in
1859 952 2054 1004 area.

447 1049 613 1124 Hoc
643 1048 939 1123 miserae
972 1049 1170 1150 plebi
1199 1049 1431 1122 stabat
1463 1072 1850 1125 commune
1880 1046 2321 1147 sepulcrum,
2432 1059 2529 1125 10

451 1167 849 1245 Pantolabo
880 1193 1211 1265 scurrae,
1259 1168 1872 1282 Nomentanoque
1903 1165 2180 1303 nepoti.

366 1359 389 1372 ,
457 1289 658 1365 Mille
684 1288 959 1390 pedes
937 1319 1016 1362 m
1040 1292 1322 1386 fronte,
1366 1310 1731 1365 trecentos
1762 1290 2020 1389 cippus
2048 1286 2127 1360 in
2159 1316 2416 1392 agrum

450 1409 593 1486 Hic
623 1408 875 1486 dabat:
928 1407 1285 1488 haeredes
1313 1428 1875 1486 monumentum
1905 1434 2000 1483 ne
2034 1431 2484 1512 sequeretur.

531 1707 587 1743 v.
626 1685 681 1744 4.
766 1691 994 1759 dextra,
1054 1679 1188 1763 'qua
1227 1689 1453 1746 tenebat

450 1773 682 1844 Priapus
696 1774 939 1844 susum,
982 1777 1110 1847 vel,
1153 1785 1220 1831 ut
1245 1777 1308 1831 in
1330 1777 1452 1831 lau·

450 1859 582 1912 dato
623 1858 763 1926 loce,
795 1860 1051 1934 Virgilii,
1096 1862 1315 1930 falcem
1358 1881 1453 1915 sa-

454 1945 686 2014 lignum.
724 1974 813 1989 —
851 1948 1043 2017 ruber,
1100 1947 1279 2001 minio
1305 1947 1454 2002 obli-

454 2040 542 2082 tus
584 2039 641 2084 et
677 2032 1017 2094 rubefactus.
1105 2033 1269 2088 Ovid.
1302 2036 1451 2088 Fast.

452 2116 517 2180 1,
560 2109 682 2172 415.
735 2119 808 2169 At
830 2122 992 2172 ruber
1018 2119 1294 2173 hortorum
1316 2120 1452 2172 deus

455 2215 506 2254 et
547 2203 755 2273 tutela,
815 2204 1076 2276 Priapus.

538 2305 590 2340 v.
618 2289 671 2342 6.
752 2292 959 2343 arundo
978 2329 994 2358 ,
1054 2290 1314 2363 intelligo
1359 2308 1452 2344 co-

454 2385 657 2425 ronam
681 2387 748 2427 ex
774 2375 1075 2445 arundine,
1113 2377 1455 2432 fasciculum

456 2458 772 2527 arundinis,
846 2479 991 2532 quae
1030 2471 1199 2517 vento
1243 2463 1458 2535 agitata

456 2554 652 2615 crepat
687 2548 1012 2618 strepitque.

542 2645 595 2683 v.
623 2629 673 2683 7.
720 2634 876 2684 novis
919 2635 980 2685 in
1022 2634 1219 2687 hortis.
1265 2634 1458 2689 Schol.

462 2714 618 2785 Cruq.
662 2734 834 2787 nuper
860 2738 903 2781 a,
922 2719 1247 2773 Maecenate
1289 2721 1458 2772 insti-

458 2799 612 2853 tutis.
656 2827 738 2843 --
794 2804 971 2858 Antea
1010 2805 1314 2875 Esquilina
1370 2823 1458 2859 re·

459 2886 555 2954 gio
597 2888 866 2958 sepulcris
905 2907 1187 2942 servorum
1217 2905 1267 2943 et
1298 2891 1464 2943 mise-

460 2988 644 3024 rorum
675 2986 793 3027 erat
821 2975 1077 3028 dedicata
1096 2994 1119 3038 ,·
1159 2975 1462 3029 Maecenas

464 3068 676 3126 autem,
720 3060 1079 3112 considerans
1122 3062 1271 3113 aeris
1306 3061 1461 3114 salu-

461 3142 741 3212 britatem,
797 3146 988 3198 hortos
1012 3164 1075 3200 eo
1101 3146 1227 3199 loco
1254 3147 1463 3200 consti-

463 3228 587 3280 tuit.

547 3331 601 3367 v.
618 3313 669 3367 8.
710 3317 895 3387 prius,
941 3316 1111 3384 olim,
1155 3326 1463 3389 antequam

464 3399 655 3453 hortos
703 3401 785 3454 ihi
827 3400 1195 3457 adornaverat
1236 3404 1463 3457 Maece-

463 3501 599 3553 nas3
643 3487 821 3541 eiecta
836 3524 853 3555 ,
896 3488 1146 3558 graviter
1186 3487 1259 3541 ad
1297 3490 1465 3542 mise·

462 3586 589 3623 ram
627 3582 847 3626 sortem
874 3571 1309 3644 designandam,
1350 3591 1466 3661 qua

461 3656 848 3712 tractabantur
886 3659 1035 3711 servi
1057 3659 1145 3711 vel
1171 3676 1467 3713 servorum

467 3756 734 3809 eorpora;
765 3744 948 3813 cellis,
963 3743 1172 3798 deloco
1199 3744 1463 3810 arctiore,

467 3823 565 3878 ubi
605 3834 777 3884 strata
815 3845 915 3883 sua
944 3829 1226 3885 habebant
1254 3829 1419 3883 servi.

551 3943 601 3981 v.
615 3926 668 3981 9.
713 3946 1001 3983 conservus
1023 3929 1150 3985 Sch.
1180 3933 1310 3984 Acr.
1337 3950 1466 3984 eon-

469 4011 617 4064 servi
682 4012 942 4066 locabant
1016 4029 1063 4068 et
1121 4017 1466 4088 sepeliebant

470 4095 617 4148 alios
658 4115 863 4153 servos.
894 4128 985 4143 —
1017 4101 1125 4153 vili
1168 4120 1330 4169 arca,
1384 4104 1464 4155 ci-

1533 1700 1649 1761 sta,
1713 1705 1781 1746 ex
1820 1688 2110 1743 nonnullis
2148 1687 2359 1743 tabulis
2398 1706 2538 1744 con-

1532 1785 1776 1846 structa,
1828 1775 2140 1845 sandapila,
2187 1793 2300 1848 qua
2335 1774 2540 1831 effere-

1534 1863 1744 1917 bantur
1783 1860 2159 1932 pauperiores.

1621 1967 1676 2003 v.
1722 1948 1807 2001 10.
1894 1948 2108 2016 stabat,
2195 1945 2542 2003 destinatum

1533 2043 1688 2099 erat,
1731 2030 1978 2103 patebat.
2022 2060 2097 2072 ——
2148 2049 2430 2088 commune
2447 2054 2544 2106 μ-

1533 2121 1814 2190 pulcrum,
1855 2116 2045 2183 locus,
2087 2116 2189 2169 ubi
2232 2118 2411 2172 infimi
2445 2138 2542 2174 or-

1535 2204 1682 2257 dinis
1731 2202 1988 2257 homines
2037 2204 2416 2258 communiter
2453 2223 2544 2259 se-

1536 2290 1919 2363 peliebantur,
1958 2288 2369 2358 sepulcretumss
2432 2292 2546 2345 Ca-

1538 2375 1710 2431 tullus
1757 2375 1980 2427 Troiam
2019 2384 2187 2428 vocat
2227 2377 2396 2429 Asiae
2421 2378 2546 2429 Ειι-

1539 2480 1817 2539 ropaeque
1875 2478 2155 2515 commune
2212 2463 2548 2532 sepulcrum.

1539 2549 1795 2612 LXVIII,
1840 2545 1927 2601 89.

1626 2633 1781 2686 v.11.
1828 2632 2142 2685 Pantolabo
2168 2651 2341 2688 scurr.
2371 2633 2549 2689 Nom.

1541 2737 1664 2789 nep.
1703 2716 1796 2770 vel
1840 2717 2202 2786 hominibus,
2238 2719 2419 2795 qualis
2460 2732 2552 2776 est

1539 2820 1733 2859 scurra
1775 2803 2113 2857 Pantolabus
2152 2814 2212 2858 et
2236 2807 2553 2862 Nomenta-

1541 2907 1649 2943 nus
1688 2904 1891 2959 nepos-⁶3
1946 2897 2183 2961 uterque
2225 2890 2378 2945 enim
2418 2901 2552 2947 tum

1543 2974 1729 3028 adhuc
1770 2974 1993 3028 vivebat
2010 3012 2025 3040 ‚
2095 2985 2162 3028 ut
2202 2988 2434 3047 apparet
2473 2996 2551 3032 ex

1542 3062 1656 3115 Sat.
1713 3060 1796 3126 H,
1860 3059 1925 3129 l,
1984 3061 2067 3114 19.
2112 3060 2181 3113 de
2226 3063 2553 3117 Pantolabo

1542 3144 1728 3200 Schol.
1784 3147 1909 3199 Aer.
1961 3155 2019 3199 et
2053 3146 2341 3218 'Porphyn
2408 3150 2553 3203 Fuit

1543 3232 1781 3287 Mallius
1819 3232 1997 3285 Verna
2020 3246 2174 3286 trans
2196 3235 2435 3288 Tiberim
2457 3235 2553 3288 in-

1545 3319 1739 3386 genuis
1778 3317 2103 3386 parentibus
2144 3332 2340 3388 natus,
2430 3323 2551 3394 qui,

1548 3403 1682 3473 quia
1712 3420 1746 3453 a
1773 3402 1965 3455 multis
1992 3405 2278 3473 pecuniam
2308 3419 2553 3460 mutuam

1545 3489 1802 3556 rogabat,
1829 3489 2277 3543 Pantolabus
2303 3500 2387 3545 est
2415 3511 2553 3561 cog-

1548 3575 1965 3627 nominatus.—
1990 3575 2400 3628 Nomentanum
2430 3580 2552 3632 Ho-

1548 3656 1725 3711 ratius
1748 3658 1861 3711 iam
1888 3678 2040 3731 supr.
2066 3663 2177 3716 Sat.
2209 3662 2269 3729 1,
2314 3663 2376 3729 1,
2425 3663 2550 3717 105.

1546 3761 1782 3813 vappam
1839 3758 1894 3798 et
1934 3747 2260 3800 nebulonem
2301 3746 2551 3817 appella-

1547 3828 1662 3898 vit3
1706 3844 1956 3903 nepotem
1981 3831 2225 3885 eundem
2251 3842 2419 3885 vocat
2442 3832 2550 3886 ins.

1547 3914 1661 3969 Sat.
1691 3917 1749 3984 Ι,
1790 3918 1860 3983 2,
1904 3918 1993 3972 22.
2031 3919 2150 3972 sat.
2181 3921 2264 3983 11,
2309 3917 2379 3984 3,
2424 3913 2551 3972 224.

1632 4036 1688 4071 v.
1718 4019 1975 4076 12—13.
2019 4037 2242 4074 sensus:
2302 4020 2413 4073 Hic
2452 4022 2550 4087 (in

1547 4103 1658 4157 hoc
1699 4103 1858 4173 loco,
1915 4105 1979 4161 in
2019 4105 2317 4180 Esquiliis)
2360 4108 2552 4177 cippus
