2682 4858
654 215 1296 289 ·SA1·1RARVM
1349 218 1549 288 LIB.
1590 220 1658 303 1,
1703 226 1769 294 ⁶.

2154 232 2242 297 79

161 392 464 493 Optat-et
514 390 652 467 sibi
702 392 1057 494 quiaque3
1103 391 1288 467 meis
1338 411 1731 468 contentus
1774 388 2129 472 honestos

159 514 497 588 Fascibus
551 534 626 587 et
675 513 868 587 sellis
923 513 1199 588 nollem
1248 512 1434 588 mihi
1483 541 1811 612 sumere,
1872 516 2177 596 demens

158 632 440 707 Iudicio
494 633 732 735 volgi,
784 660 1004 707 sanus
1054 636 1369 711 fortasse
1417 655 1586 709 tuo:
1640 634 1845 737 quod

155 754 447 831 Nollem
497 781 686 831 onus
733 754 939 830 haud
1001 782 1348 859 umquam
1412 756 1667 832 solitus
1729 780 2023 859 portare
2078 787 2242 838 mo·-

1492 877 1778 957 lestum.

149 995 338 1071 Nam
363 994 551 1070 mihi
581 997 935 1073 continuo
968 997 1198 1072 maior
1228 996 1639 1097 quaerenda
1668 1001 1862 1075 soret
1893 1028 2033 1097 res,
2093 1016 2239 1081 100

151 1119 401 1219 Atque
453 1117 810 1192 salutandi
853 1118 1137 1219 plures3
1191 1114 1577 1190 ducendus
1630 1139 1704 1192 et
1753 1148 1946 1195 unua

151 1240 240 1315 Et
291 1266 544 1315 comes
595 1240 819 1334 alter,
874 1241 983 1314 uti
1033 1264 1128 1312 ne
1180 1238 1376 1313 solua
1427 1263 1639 1312 rusve
1689 1264 2090 1343 peregreve

151 1361 487 1455 Exit-em,
539 1359 780 1460 plures
828 1361 1125 1435 calones
1177 1380 1397 1461 atque
1452 1360 1711 1434 caballi

152 1480 545 1576 Pascendi3
601 1479 940 1556 ducenda
989 1480 1357 1580 petorrita.

1462 1480 1688 1556 Nunc
1737 1478 1924 1581 mihi
1974 1504 2191 1560 curto·

152 1606 270 1679 Ire
298 1604 484 1685 licet
511 1603 710 1676 mulo
738 1658 760 1697 ‚
806 1603 963 1699 vel,
995 1600 1056 1674 si
1084 1602 1304 1696 libet,
1358 1630 1593 1703 usque
1624 1598 2057 1699 Tarentum,
2093 1617 2238 1684 105

157 1724 484 1801 Mantica
546 1724 669 1799 cui
729 1721 1027 1800 lumbos
1078 1748 1300 1798 onere
1353 1726 1672 1819 ulceret,
1744 1744 1963 1828 atque
2014 1752 2243 1831 eques

1490 1873 1746 1920 armos·

145 1945 477 2042 'obiiciet
528 1992 749 2041 nemo
804 1963 1060 2039 sordes
1111 1965 1329 2062 mihi,
1383 1994 1567 2067 quas
1617 1966 1787 2062 tibi,
1842 1968 2070 2068 Tulli,

151 2092 340 2165 Cum
391 2089 700 2164 Tiburte
754 2087 866 2161 via
919 2111 1331 2187 praetorem
1374 2088 1705 2189 quinque
1757 2112 2169 2189 sequuntur

150 2213 260 2287 Te
313 2210 566 2316 pueri,
617 2208 947 2288 lasanum
997 2229 1370 2311 portantes
1422 2205 2104 2320 oenophorumque'.

150 2488 237 2502 --
260 2472 474 2531 optaret
503 2459 611 2512 sibi
634 2459 878 2529 quisque,
922 2458 1160 2531 eligeret
1241 2458 1519 2513 Gallicae.
1573 2485 1651 2499 —·
1714 2459 1966 2511 ducenda
2005 2477 2080 2513 sc.
2121 2476 2243 2515 me·-

153 2547 253 2600 n'ln’
280 2547 541 2617 quisque,
567 2562 669 2616 per
695 2560 786 2597 me
812 2545 964 2609 licet,
999 2545 1154 2599 alios.

156 2658 239 2674 —-
272 2630 691 2698 honestosfasc.
724 2644 775 2682 et
803 2631 921 2682 sell.
956 2646 1156 2700 paren·

152 2727 232 2772 tea
271 2716 560 2771 consulari
592 2716 865 2788 dignitate
894 2723 951 2769 et
979 2716 1156 2768 maio-

151 2820 278 2857 rum
321 2804 764 2875 magistratuum
807 2801 1023 2857 honore
1064 2800 1154 2855 in-

150 2890 342 2961 signes.

229 2995 281 3029 v.
315 2976 416 3031 101
437 3004 512 3015 -
537 2970 655 3028 104.
708 2974 1022 3039 salutandi,
1067 2991 1153 3027 sa-

150 3060 418 3114 lutatione
449 3059 722 3124 adeundi3
783 3059 935 3129 quod
982 3059 1154 3112 fiebat

152 3161 329 3200 mane.
373 3146 627 3199 Martial.
656 3148 737 3211 11,
787 3145 882 3209 18,
927 3143 979 3198 3.
1024 3145 1154 3196 Ma-

154 3250 219 3283 ιιι
252 3234 559 3284 salutatum
598 3233 799 3293 veni03
855 3238 912 3282 et
954 3233 1055 3297 IV,
1101 3231 1150 3286 8.

158 3317 203 3371 l.
234 3319 425 3370 Prima
444 3318 759 3368 salutantes
785 3328 948 3385 atque
973 3317 1152 3368 altera

157 3406 394 3456 eontinet
469 3404 630 3455 hora.
661 3397 663 3401 ’
697 3402 914 3455 scilicet
971 3402 1153 3457 nobili

157 3504 375 3561 quoque
415 3488 546 3542 loco
579 3487 699 3541 nati
723 3488 1006 3541 honorum
1034 3488 1151 3541 adi-

155 3573 546 3641 piscendorum
590 3590 759 3627 causa
804 3575 1044 3644 gratiam
1081 3574 1154 3627 si-

151 3657 212 3710 hi
250 3661 523 3731 colligere
568 3661 871 3714 studebant
905 3661 1152 3713 salutan-

156 3741 253 3800 do:
296 3747 584 3799 salutandi
608 3748 793 3815 plures
817 3763 948 3798 cum
977 3747 1152 3798 Hein-

159 3829 336 3897 dorfio
376 3848 517 3902 pro:
593 3832 923 3885 salutatores
966 3833 1152 3901 plures

152 3916 461 3986 accipiendi
477 3955 493 3985 ,
557 3917 821 3989 equidem
872 3917 1152 3987 explicare

153 4000 347 4056 nolim.
389 4031 478 4044 —
520 4004 740 4055 calones
780 4003 855 4056 cf.
891 4019 1043 4073 supr.
1079 4004 1152 4056 ad

153 4084 339 4153 Saul,
381 4090 437 4156 2,
479 4085 568 4144 44.
596 4114 685 4132 --
715 4090 1015 4160 petorrita,
1060 4105 1152 4141 ve-

152 4169 345 4232 himh
379 4175 498 4230 sive
533 4185 799 4247 cau-penta
825 4173 917 4228 vel
943 4172 1152 4228 rhedae

1238 2561 1404 2614 cum,
1471 2552 1537 2596 ut
1575 2542 1745 2614 paulo
1791 2555 1922 2598 ante
1964 2547 2241 2599 ducendus

1240 2645 1292 2683 et
1322 2649 1465 2682 unus
1496 2633 1569 2682 Et
1606 2649 1784 2682 comes
1812 2633 1991 2694 altem
2034 2632 2097 2684 in
2124 2633 2242 2685 edi-

1237 2716 1394 2770 tione
1424 2717 1836 2784 Heindorfiana
1879 2716 2091 2786 legitur
2136 2720 2237 2770 du-

1239 2816 1435 2867 centa,
1500 2817 1831 2871 operarum,
1892 2811 1958 2854 ut
1997 2802 2241 2871 videtur,

1236 2904 1449 2940 errore.
1488 2913 1577 2926 —-·
1625 2900 1776 2944 curto
1820 2886 1964 2938 mulo
2006 2889 2034 2953 (
2054 2889 2239 2942 Schol.

1242 2975 1451 3044 Cruq.),
1479 2971 1621 3023 mulo
1651 2973 1832 3023 cauda
1855 2986 2051 3036 συνιεὶς
2084 2975 2242 3043 equi-

1239 3058 1369 3111 dem
1412 3075 1515 3129 per
1549 3058 1750 3109 mulum
1796 3072 2002 3110 curtum
2033 3059 2241 3112 intelli-

1238 3163 1310 3218 go
1348 3145 1568 3197 mulum
1611 3144 1759 3196 curti
1802 3154 1858 3197 et
1889 3143 2075 3214 exigui
2115 3161 2242 3197 cor-

1235 3232 1389 3303 poris
1423 3232 1613 3297 (einen
1639 3229 1856 3282 klaeinen
1883 3230 2151 3298 Klepper)
2171 3258 2242 3272 —-

1973 3339 1999 3368 ι.
2050 3315 2238 3369 Schol-

1238 3320 1509 3384 mantica,

1234 3403 1506 3472 Porphyr.
1973 3403 2095 3452 iano
2137 3401 2238 3452 illo

1234 3503 1467 3542 sumtum
1507 3505 1531 3538 ε
1973 3503 2042 3536 :a
2083 3501 2236 3538 can-

1234 3575 1465 3628 therii
1534 3584 1783 3624 costas
1853 3567 2238 3640 gravitate

1233 3659 1605 3731 premebat.

1322 3743 1653 3800 v.1o7--9.
1701 3743 1911 3808 sordes,
1952 3741 2237 3796 sordidam

1233 3831 1542 3886 avaritiam.
1558 3853 1647 3869 ·-
1664 3829 1887 3880 Tiburte
1911 3830 2023 3895 via,
2052 3847 2085 3882 a
2108 3846 2236 3899 por-

1233 3929 1292 3970 ta
1321 3913 1614 3987 Esquilina
1655 3913 1715 3966 in
1766 3914 1958 3967 villam
1986 3915 2235 3969 Tiburti-

1233 4020 1370 4055 nam
1392 3999 1668 4070 praetoris
1693 3999 1946 4054 ducente.
1980 4003 2235 4072 quinque,

1234 4087 1403 4140 nimia
1439 4084 1609 4155 pauci
1633 4103 1736 4154 pro
1758 4087 2031 4158 praetoria
2055 4086 2233 4158 digni-

1233 4182 1370 4229 tate.
1410 4197 1499 4215 ·--
1534 4171 1817 4243 lucanum,
1876 4173 2063 4227 Schol.
2112 4187 2234 4236 vas,
