2682 4858
510 275 1140 353 sa‘rfflanvm
1177 273 1370 344 Lm.
1429 244 1553 356 11,'
1584 278 1649 343 4.

1995 281 2121 347 191

89 462 255 539 *Nam
297 457 463 535 facie
510 472 903 559 praestant.
1004 446 1397 524 Venucula
1445 445 1791 523 convenit
1840 446 2047 544 ollis;

107 584 345 658 Rectius
389 582 743 656 Albanam
794 576 999 650 fumo
1053 569 1424 645 duraveris
1474 596 1708 646 uvam,

106 703 272 777 Hanc
316 727 447 805 ego
499 727 667 774 eum
718 693 964 787 malis,
1017 716 1155 796 ego
1191 680 1467 765 faecem
1497 681 1778 792 primus
1811 709 1886 764 et
1916 689 2125 784 allec,

106 825 333 898 Primus
381 842 454 897 et
498 819 831 898 invenior
884 813 1099 915 piper
1151 812 1392 886 album
1416 867 1437 907 ‚
1490 837 1661 885 cum
1713 814 1860 887 sale
1915 812 2127 917 nigro

107 944 452 1037 lum-etum,
504 940 705 1045 puris
757 933 1359 1035 circumposuisse
1412 933 1689 1008 catillis.

2027 944 2148 1024 75]

107 1063 371 1140 Immone
422 1083 524 1140 est
576 1061 884 1156 vitium,
929 1055 1105 1132 dare
1152 1055 1381 1131 millia
1434 1076 1643 1130 terna
1691 1055 2025 1153 macello,

167 1378 211 1415 r.
245 1361 323 1415 71.
365 1361 513 1414 Nam
542 1361 706 1430 facie
737 1367 1043 1430 praestant,

108 1461 208 1499 nam
253 1448 497 1502 Tiburtia
552 1450 794 1505 externa,
822 1454 1049 1497 tantum

103 1533 272 1601 specie,
321 1551 433 1588 non
488 1551 690 1600 succo,
744 1537 1046 1603 praestant.

107 1645 172 1658 —-
233 1619 525 1688 Venucula,
584 1635 724 1686 uva,
789 1632 934 1688 quae
989 1615 1047 1683 in

109 1701 204 1757 ollis
238 1706 389 1758 condi
415 1704 649 1771 solebat,
694 1721 824 1757 uos:
877 1697 1052 1771 Tops-

107 1790 298 1844 rosinen.
357 1791 507 1846 conf.
590 1790 748 1845 Plin:
824 1790 897 1842 H.
977 1786 1052 1839 N.

107 1872 226 1943 XIV,
279 1872 372 1946 14,
439 1878 494 1931 6.
570 1876 704 1928 hinc
779 1871 1054 1928 eiusmodi

108 1975 214 2013 uvas
260 1960 517 2016 dicuntur
575 1961 778 2015 ollares
834 1958 1054 2014 Colum.

106 2042 196 2112 ΠῙ,
239 2047 299 2116 2,
353 2047 611 2103 Martial.
656 2048 785 2115 vu,
848 2046 929 2098 19.
993 2045 1056 2097 in

107 2131 332 2202 scriptura
355 2134 530 2187 huius
556 2132 706 2186 vocis
735 2141 871 2185 vett.
893 2131 1056 2185 librr.

106 2217 309 2272 variant:
362 2220 676 2285 vernacula,
732 2218 1058 2282 vmuncula,

109 2305 386 2372 vennucula,
415 2306 695 2374 venicula,
741 2302 1059 2356 vernacula.

168 2406 299 2463 v.72.
327 2409 487 2463 Rect.
504 2408 1058 2474 Albanam—uvam,

108 2490 166 2545 ef.
198 2493 314 2549 infr.
367 2496 549 2568 Epist.
592 2497 671 2561 11,
718 2494 786 2560 8,
841 2494 931 2548 26.
974 2519 1062 2533 -—-

107 2576 361 2649 duraveris,
405 2580 694 2637 durabiles
731 2578 1059 2646 reddideris,

107 2659 151 2715 h.
176 2679 214 2717 e.
244 2668 566 2723 servaveris.

170 2801 218 2838 v.
255 2787 320 2842 73
342 2817 427 2831 —-
451 2788 544 2842 75.
609 2786 772 2839 Hanc
803 2802 906 2854 ego
931 2792 1064 2839 cett.

105 2873 290 2943 egregie
321 2874 595 2929 Horatius
637 2874 751 2926 iam
798 2869 1072 2941 expressit

105 2952 358 3027 ingenium
401 2971 459 3013 et
497 2965 817 3013 sermonem
845 2973 1066 3024 eorum,

105 3043 182 3108 qui
215 3061 267 3097 se
305 3047 520 3116 primos
572 3044 809 3097 alicuius
851 3042 935 3095 rei
978 3042 1065 3094 in·

103 3136 323 3184 ventores
377 3148 497 3186 esse
556 3131 771 3183 iactant
811 3136 1067 3198 crepant-

101 3226 203 3279 que,
277 3218 428 3289 Ego,
507 3217 617 3282 ait,
692 3216 911 3286 sapiens
965 3213 1069 3266 ille

102 3292 349 3356 hum-um
406 3303 705 3375 epularum
746 3301 1067 3364 instructor,

104 3399 187 3449 ‘go
224 3391 423 3455 primus
473 3390 623 3442 hanc
667 3389 858 3455 (uvam
904 3385 1073 3439 Alba·

102 3473 234 3540 ¹nm)
274 3491 404 3527 cum
450 3473 665 3545 pomis,
722 3492 822 3541 ego
867 3474 1073 3540 primus

100 3551 291 3613 {necem
318 3570 375 3613 et
417 3560 585 3627 allec,
632 3568 689 3612 et
730 3559 944 3629 primus
986 3556 1073 3627 pi-

100 3652 184 3707 per
205 3644 390 3699 album
434 3662 570 3698 cum
613 3646 728 3699 sale
761 3644 926 3715 nigro
970 3659 1074 3714 per

101 3728 324 3784 cribrum
379 3731 709 3802 adspersum
762 3729 919 3801 puris
978 3746 1073 3782 ca-

99 3810 216 3867 tillis
249 3817 312 3870 in
363 3833 560 3871 mensa
610 3815 1074 3887 circumposuisse

96 3891 359 3972 invenior,
456 3903 574 3956 sive
638 3903 901 3958 inventor
963 3901 1074 3954 cir·

98 3989 451 4057 mpomisse
506 3989 727 4043 laudor.
783 4014 872 4028 ——-
919 3984 1076 4053 face.

96 4071 341 4144 ——soex,
386 4076 546 4128 idem
588 4074 740 4146 quod
781 4072 916 4127 infr·
959 4074 1074 4126 Sat.

98 4152 188 4221 Π,
211 4158 277 4228 8,
315 4160 372 4216 9.
426 4160 670 4229 saecula
714 4162 862 4228 Coa,
921 4157 981 4210 h.
1023 4171 1073 4211 e.

98 4236 211 4297 *⁵⁸08
248 4255 375 4302 nuta
443 4248 826 4318 (μῦν-αππιαν
883 4244 1077 4310 Weiss-

1123 3160 1239 3216 78.
1296 3186 1384 3202 -—
1437 3161 1927 3230 circumposuisse,

1132 1354 1304 1420 stein)
1349 1352 1458 1407 vid.
1503 1370 1646 1424 quos
1683 1351 1879 1407 laudat
1922 1351 2132 1407 Heind.

1111 1439 1245 1492 ‚fust
1287 1449 1475 1493 autem
1530 1439 1876 1494 condimenti
1933 1456 2131 1510 genus,

1134 1525 1287 1595 quod
1312 1524 1625 1579 addebatur
1661 1527 1843 1579 alleci.
1876 1554 1950 1565 —-
1994 1526 2133 1593 alec,

1138 1612 1365 1680 halec,²
1415 1612 1563 1664 allex
1620 1613 1709 1665 vel
1771 1613 1900 1665 alex
1964 1610 2133 1680 (libri

1135 1699 1375 1764 variant,
1420 1707 1483 1750 ut
1523 1696 1657 1768 infr.
1693 1700 1805 1752 Sat.
1838 1698 1913 1765 11,
1959 1697 2011 1761 8,
2055 1696 2133 1765 9.)

1135 1783 1351 1837 vilioris
1402 1783 1573 1853 pretii
1624 1800 1799 1854 genus
1852 1782 2135 1856 quoddam

1138 1869 1294 1941 gari,
1352 1884 1422 1921 ex
1488 1869 1790 1923 visceribus
1845 1869 2133 1922 scombro-

1137 1972 1270 2008 rum
1315 1955 1645 2026 praecipue,
1702 1955 1940 2008 sortasse
1983 1954 2137 2008 hale-

1141 2057 1275 2094 cum
1332 2057 1555 2111 quoque
1624 2050 1680 2094 et
1746 2041 1989 2094 aliorum
2050 2040 2138 2110 pi-

1140 2128 1317 2179 scium
1346 2127 1693 2179 marinorum
1726 2127 1992 2194 confecti,
2025 2126 2138 2180 vid.

1139 2213 1285 2266 Plin.
1353 2213 1425 2264 H.
1485 2213 1556 2266 N.
1613 2213 1825 2277 XXXI,
1909 2209 1998 2265 44.
2057 2237 2133 2250 ·—

1142 2299 1431 2363 incretum,
1479 2299 1696 2364 (Schol.
1725 2298 1882 2367 Ace-d
1927 2298 2142 2350 admix-

1148 2398 1294 2453 tum,
1365 2402 1440 2439 sc.
1501 2383 1722 2450 cribro;
1783 2401 1918 2437 nam
1961 2386 2142 2437 incer-

1149 2490 1276 2526 nere
1319 2480 1435 2539 est,
1492 2471 1703 2540 aliquid
1744 2488 1846 2541 per
1890 2471 2144 2534 cribrum

1146 2557 1317 2611 alicui
1358 2556 1445 2610 rei
1486 2557 1830 2628 adspergere.
1865 2585 1951 2599 —-
1994 2558 2144 2629 puris

1151 2643 1392 2711 catillis,
1469 2643 1611 2695 bene
1676 2644 1996 2710 doctrinae,
2073 2644 2146 2698 ad.

1151 2747 1388 2783 coenam
1448 2728 1837 2781 instruendam
1890 2739 2145 2811 spectan-

1152 2816 1246 2883 tis,
1300 2815 1582 2886 professor
1623 2823 1813 2869 noster
1856 2833 2146 2869 commen-

1152 2904 1248 2955 dat
1272 2901 1625 2968 munditiem,
1671 2900 1805 2970 quia
1838 2901 2145 2955 immundi-

1147 2989 1255 3043 ties
1309 2986 1599 3040 stomacho
1657 2987 1880 3041 fastidia
1939 3000 2147 3057 movet,

1152 3076 1222 3127 de
1266 3091 1380 3145 qua
1420 3088 1551 3126 mox
1592 3073 1711 3145 agit
1756 3073 1884 3127 inde
1929 3093 1962 3129 a
2005 3092 2150 3128 vers.

2002 3159 2152 3229 apud

1154 3263 1255 3299 nos
1283 3263 1510 3317 quoque
1528 3247 1707 3302 catilli
1736 3248 1853 3313 (les
1872 3246 2150 3312 assiettes)

1154 3331 1217 3384 in
1273 3350 1470 3385 mensa
1527 3332 1808 3385 convivali
1863 3333 1973 3385 huc
2015 3331 2166 3386 illuc

1157 3418 1508 3488 circumponi
1551 3419 1747 3471 solent.
1836 3416 2002 3489 Quod
2050 3433 2155 3487 pu-

1152 3511 1237 3556 tat
1280 3506 1611 3571 Lambinus,
1684 3503 1937 3574 singulos
1994 3502 2158 3554 catil-

1152 3588 1237 3643 los
1279 3590 1514 3662 singulis
1571 3588 1818 3642 convivis
1878 3589 2156 3659 appositos

1152 3675 1354 3742 fuisse,
1433 3692 1550 3729 non
1586 3673 1877 3746 probabile
1917 3672 2155 3729 videtur.

1247 3811 1559 3866 v.76—77.
1590 3813 1834 3864 Immune
1853 3823 1933 3863 est
1946 3811 2156 3880 vitium,

1160 3909 1222 3954 at
1262 3898 1442 3969 pisces
1488 3912 1699 3967 magno
1740 3897 1925 3968 pretio
1969 3914 2159 3953 emere

1161 3999 1363 4054 eosque
1403 3984 1463 4035 in
1492 3991 1725 4052 augusto
1756 3983 1945 4037 catino
1987 4001 2161 4056 appo-

1159 4087 1295 4124 nere
1313 4107 1328 4135 ,
1373 4069 1447 4121 ad
1486 4068 1732 4122 maxima
1774 4086 1985 4124 coenae
2022 4072 2162 4124 vitia

1160 4155 1436 4227 pertinet,
1479 4164 1546 4208 ut
1588 4170 1642 4208 v.
1670 4155 1756 4210 82.
1801 4158 2005 4226 ingens
2036 4159 2161 4225 fla-

1159 4243 1396 4314 gitium,
1469 4257 1596 4295 rem
1645 4241 1883 4299 ridicule
1928 4258 2162 4316 exagge-
