2682 4858
407 172 412 178 ’
463 212 614 291 4184

961 208 1080 307 Q.
1151 203 2077 317 ‘uoRAanLacm

487 376 593 448 Vt
659 373 862 451 succi
921 379 1241 455 melioris
1307 402 1383 455 et
1431 402 1517 455 ut
1567 384 1791 483 magis
1841 383 2025 458 alma
2075 385 2436 483 rotundis,

484 498 805 573 Ponere:
858 526 1174 600 namque
1225 530 1497 577 marem
1548 503 1899 578 cohibent
1934 506 2196 582 callosa
2227 508 2568 584 vitellum.

483 616 712 692 Caule
762 609 1223 713 suburbano,
1288 624 1418 723 qui
1467 625 1680 699 siccis
1732 625 1956 701 crevit
2005 627 2084 700 in
2126 629 2353 733 agris,

2483 644 2562 709 15

483 738 838 844 Dulcior3
918 739 1199 844 irriguo
1252 742 1440 815 nihil
1494 765 1602 818 est
1653 744 1920 822 elutius
1969 745 2219 829 horto.

483 858 567 932 Si
616 859 1068 959 vespertinus
1117 862 1368 937 subito
1420 885 1495 937 te
1548 849 1989 965 oppresserit
2036 867 2332 969 hospes,

281 1077 292 1088 ι
393 972 402 975 ’
491 980 607 1054 Ne
659 979 930 1081 gallina
978 981 1247 1055 malum
1299 996 1684 1084 responset
1743 986 1926 1062 dura
1979 996 2246 1087 palato,

482 1100 770 1201 Doctus
824 1098 965 1175 eris
1014 1101 1248 1175 vivam
1298 1125 1540 1179 musto
1594 1130 1907 1197 mersare
1956 1107 2016 1182 F
2018 1110 2303 1204 alern03
2402 1123 2410 1131 '

486 1218 652 1297 Hoc
696 1241 1013 1295 teneram
1061 1222 1297 1297 faciet.
1383 1224 1837 1302 Pratensibus
1872 1230 2140 1329 optima
2171 1231 2427 1335 fungis
2479 1247 2564 1310 20

475 1507 679 1581 longa,
755 1517 820 1561 ut
874 1508 1128 1563 melioris
1168 1510 1381 1580 saporis
1424 1521 1483 1565 et

475 1600 540 1647 ut
581 1594 706 1664 plus
746 1593 1000 1647 alimenti
1032 1595 1361 1665 praebentia
1384 1613 1482 1650 ro·

451 1678 452 1685 ’
474 1678 662 1733 tundis
693 1678 1172 1752 praeferebantur.
1188 1709 1275 1723 -
1300 1684 1482 1751 magis

476 1764 645 1831 alma,
671 1780 800 1818 nos:
841 1765 994 1819 mehr
1021 1767 1288 1835 nimand,
1311 1769 1481 1820 nahr-

475 1848 607 1917 hast
619 1867 646 1913 ,·
698 1859 947 1903 veterem
974 1848 1274 1907 lectionem
1302 1857 1481 1922 magis

474 1933 608 1986 alba
644 1933 892 1988 defendit
934 1934 1081 2001 Fea,
1153 1936 1345 1993 addita
1390 1956 1482 1993 ex-

469 2018 806 2090 plicatione:
866 2021 1096 2092 „magis
1135 2023 1483 2079 abundantia

463 2090 814 2167 'albumine‘f
850 2105 947 2159 sed
977 2106 1122 2160 hanc
1156 2109 1480 2181 explicatio-

471 2206 604 2245 nem
633 2192 725 2246 vix
756 2190 870 2246 fert
898 2191 1163 2250 latinitas.

443 2346 446 2355 ι
554 2328 608 2364 v.
635 2305 719 2364 14.
766 2311 1005 2379 Ponere,
1064 2330 1362 2385 apponere.
1389 2344 1477 2376 -,·

468 2395 757 2462 cohibent,
804 2395 944 2451 dum
969 2397 1185 2452 callosa
1212 2401 1476 2457 vitellum

470 2482 632 2550 quasi
670 2481 733 2535 in
790 2483 1122 2554 aequilibrio
1163 2489 1472 2556 continent,

465 2565 752 2637 eleganter
777 2567 1040 2621 dicuntur
1059 2585 1187 2624 eum
1202 2575 1470 2641 cohibere,

466 2667 544 2705 sc.
574 2669 610 2706 a
636 2669 780 2724 vaga
810 2654 1144 2711 mobilitate.

548 2787 602 2823 v.
650 2771 916 2827 15—16.
991 2776 1117 2829 Iam
1156 2778 1357 2830 transit
1400 2779 1473 2833 ad

463 2855 621 2909 olera
656 2857 772 2910 sive
816 2859 1004 2913 caules
1061 2862 1231 2928 (nost
1317 2865 1472 2917 Kohl

464 2942 597 2993 oder·
634 2941 894 3011 Gemiae'se,
954 2964 1072 2998 was
1117 2950 1274 3000 einen
1306 2941 1470 3002 &iin-

460 3027 560 3094 gel
581 3027 752 3096 hat),·
793 3028 1001 3102 iunge:
1050 3027 1255 3101 Caulis,
1286 3038 1381 3105 qui
1406 3037 1467 3087 in

461 3111 629 3164 siccis
669 3115 826 3182 agris
869 3118 1063 3184 crevit,
1129 3132 1207 3171 est
1246 3121 1467 3173 dulcior·

461 3199 624 3251 caule
650 3200 992 3269 suburbano,
1049 3203 1105 3256 h.
1135 3220 1181 3257 e.
1210 3205 1269 3259 in
1300 3208 1465 3259 hdrto

459 3281 773 3336 suburbano
833 3297 999 3355 nato;
1084 3287 1217 3342 hinc
1271 3291 1455 3346 addit:

456 3368 675 3438 irriguo
721 3370 869 3426 nihil
910 3383 1005 3426 est‘
1032 3375 1234 3427 elutius
1267 3379 1461 3444 ¹horto,

456 3451 515 3509 h.
553 3470 603 3507 e.
657 3464 812 3528 terra
868 3456 1075 3512 nullibi
1132 3462 1308 3531 magis
1366 3480 1468 3534 per

455 3553 660 3609 aquam
705 3550 789 3595 est
823 3541 973 3596 eluta
1015 3545 1250 3611 (nullibi
1284 3550 1463 3618 magis

383 3650 389 3656 ·
454 3632 540 3676 est
563 3625 837 3695 humida),
865 3645 1040 3700 quam
1067 3632 1128 3683 in
1145 3631 1319 3684 hortis
1333 3636 1463 3686 sub-

453 3708 702 3778 urbanis,
746 3713 860 3765 sive
890 3714 1043 3784 quod
1075 3717 1166 3770 siti
1194 3716 1278 3770 illi
1304 3728 1462 3772 erant

452 3790 515 3846 in
543 3792 681 3847 locis
712 3797 962 3852 humidis
981 3838 997 3867 ‚
1054 3801 1171 3855 sive
1199 3802 1350 3873 quod
1383 3806 1459 3857 ri-

452 3876 570 3930 vuli
593 3879 656 3932 in
683 3896 775 3933 eos
804 3882 1250 3953 deducebantur3
1291 3890 1457 3943 ovid.

451 3964 594 4016 past.
626 3963 712 4033 11,
759 3965 880 4021 703.
971 3972 1178 4025 Hortus
1209 3977 1459 4027 odoratis

451 4050 667 4102 suberat
711 4052 1037 4108 cultissimus
1080 4061 1290 4127 herbis,
1363 4066 1457 4115 Se·

453 4146 572 4187 etus
628 4137 870 4216 huQum'
903 4142 1018 4194 rivo
1061 4144 1180 4198 lene
1221 4148 1460 4217 fluentis

1565 1531 1747 1584 aquae
1758 1534 1781 1580 ;
1823 1515 1980 1573 olera
2003 1526 2194 1571 autem
2219 1519 2282 1572 in
2305 1518 2448 1575 locis
2471 1520 2564 1575 bu-

1563 1600 1732 1653 midis
1755 1610 1890 1657 nata
1912 1602 2051 1657 fatui
2071 1604 2283 1675 saporis
2308 1622 2427 1660 esse
2455 1625 2567 1661 cre·

1564 1683 1856 1740 debantur.

1654 1857 1708 1895 v,
1746 1841 2016 1897 18-19,
2068 1844 2159 1897 Ne
2196 1846 2341 1914 gall.
2370 1850 2564 1901 malum

1566 1934 1701 1980 cett.
1727 1929 1949 1995 gallina
1966 1929 2124 1996 dura,
2152 1931 2383 2002 gallina,
2400 1951 2560 2005 quae,

1563 2010 1861 2083 postquam
1900 2013 2004 2067 sub
2045 2015 2348 2088 improviso
2382 2018 2562 2091 hospi-
2650 2090 2652 2097 Ι

1563 2097 1638 2150 tis
1676 2096 1921 2153 adventu
1974 2116 2135 2156 caesa
2193 2112 2273 2156 ωε
2286 2142 2304 2170 ,
2378 2107 2563 2158 statim

1563 2184 1861 2254 coquitur,
1903 2196 2095 2239 manet
2118 2188 2288 2255 dura,
2328 2188 2562 2261 ideoque

1561 2286 1761 2339 parum
1793 2271 2129 2342 respondere
2170 2283 2357 2344 potest
2379 2293 2564 2348 exspe-
2650 2268 2652 2271 ¹

1561 2354 1795 2408 ctationi
1844 2356 2105 2427 hospitis,
2173 2375 2288 2412 non
2346 2360 2561 2429 duram,

1561 2440 1659 2495 sed
1695 2450 1949 2495 teneram
1987 2460 2221 2497 carnem
2265 2446 2435 2500 edere
2472 2467 2561 2502 cu·

1557 2526 1857 2597 pientis.—-
1868 2530 2072 2581 malum
2087 2531 2357 2600 explicari
2383 2535 2557 2586 omni-

1559 2628 1635 2665 no
1669 2612 1835 2665 debet
1859 2631 1995 2683 pro:
2041 2615 2209 2683 male,
2250 2618 2351 2670 sed
2379 2633 2558 2672 exem·

1556 2696 1749 2767 plum,
1810 2699 1907 2751 ubi
1956 2702 2162 2752 malum
2196 2719 2333 2772 pro:
2393 2705 2558 2772 male,

1554 2783 1807 2853 positum
1835 2785 1926 2851 sit,
1969 2786 2175 2840 frustra
2204 2787 2556 2863 investigavi;

1555 2869 1807 2938 suspicor
1859 2868 2038 2940 igitur
2078 2874 2377 2932 Horatium
2429 2891 2556 2946 pro:

1555 2955 1761 3007 malum
1815 2956 2095 3026 scripsisse
2158 2978 2420 3029 parum.
2476 2987 2558 3003 -

1556 3039 1770 3109 palato,
1796 3041 2082 3112 eleganter
2108 3053 2164 3096 et
2184 3046 2557 3117 significanter
2650 3103 2652 3112 ,

1549 3140 1685 3194 pro:
1745 3130 2141 3196 expectationi,
2185 3140 2245 3183 et
2287 3131 2423 3184 binc
2460 3150 2555 3201 pa-

1550 3226 1670 3264 rum
1701 3225 1990 3282 responset,
2031 3232 2236 3286 parum
2263 3227 2442 3288 grata,
2473 3216 2556 3269 in-

1550 3304 1745 3365 grata,
1804 3298 2045 3368 insipida
2075 3302 2165 3355 sit.
2214 3330 2305 3343 -
2348 3304 2554 3355 Doctus

1546 3382 1665 3433 eris
1724 3401 1958 3436 mersare
2020 3403 2158 3455 pro:

1548 3465 1691 3519 meis
1707 3467 1932 3523 edoctus
1948 3472 2242 3540 mersabis;
2262 3503 2337 3515 —
2355 3490 2553 3528 mersa-

1550 3569 1608 3603 re
1630 3551 1747 3606 iam
1770 3571 1902 3624 pro:
1948 3557 2241 3611 mersando
2265 3560 2548 3614 suffocare.

1544 3665 1635 3677 -—
1664 3652 1841 3691 musto
1872 3640 2142 3710 Falerno,
2203 3662 2308 3715 pro
2337 3643 2549 3716 vulgari

1546 3722 1790 3777 lectione
1835 3727 1998 3778 misto
2043 3728 2136 3780 vel
2175 3732 2352 3784 mulso
2395 3746 2550 3802 egre-

1546 3807 1639 3879 gie
1667 3807 1738 3861 ad
1767 3828 1893 3864 rem
1920 3813 2201 3867 Bentleius
2244 3816 2308 3870 in
2342 3826 2546 3871 textum

1543 3895 1759 3964 recepit
1789 3910 1979 3952 musto,
2008 3926 2099 3940 ——-
2125 3901 2367 3955 Muscam
2399 3901 2544 3956 cuim

1545 3980 1695 4049 apud
1732 3982 2019 4039 Romanos
2064 3986 2147 4039 ita
2189 3987 2543 4050 condebatur,

1543 4073 1612 4117 ut
1641 4083 1745 4136 per
1789 4068 2076 4140 integrum
2112 4070 2297 4125 ferme
2338 4087 2540 4126 annum

1544 4165 1741 4206 recens
1767 4164 1824 4207 et
1855 4153 2019 4209 dulce
2043 4167 2396 4229 servaretur,
2449 4173 2543 4208 vn-

2248 3388 2553 3458 praeceptis
2650 3421 2652 3426 ·
