2682 4858
511 277 606 343 48

1027 262 1120 352 Q.
1178 262 1638 331 Hoaa‘rn
1691 261 2090 332 FLACCI
2169 328 2182 347 ,

512 437 971 542 vespertina,
1026 436 1227 539 'tepet
1307 434 1550 536 regio;
1660 435 1843 537 quin
1925 463 2061 537 per
2137 434 2328 519 mala
2394 451 2609 537 prae..

1889 578 2062 656 ceps
2505 573 2603 634 50

512 685 571 758 F
574 701 825 781 ertur,
867 678 980 754 uti
1027 676 1271 778 pulvis
1319 675 1672 752 coHectus
1713 676 2048 771 turbine,
2100 703 2195 751 ne
2245 675 2436 777 quid

514 804 812 876 Summa
868 796 1256 898 deperdat,
1320 816 1696 891 metuens„
1764 816 1890 871 aut
1939 798 2239 899 ampliet
2286 817 2373 872 ut
2421 823 2604 873 rem.

516 926 796 999 Omnes
845 918 929 994 hi
979 938 1314 991 metuunt
1366 944 1654 1014 versus,
1738 916 1964 992 odere
2013 938 2293 1017 poetas.

513 1047 852 1120 Poenum
899 1037 1121 1115 habet
1174 1038 1253 1112 in
1304 1065 1577 1138 cornu,
1640 1041 1862 1142 longe
1914 1041 2128 1142 fuge5
2197 1037 2610 1116 dummodo

1837 1160 2059 1235 risum

470 1298 473 1301 ’
515 1279 849 1357 Excutiat
889 1279 1067 1375 sibi,
1121 1258 1274 1355 ιιόιι
1324 1279 1448 1355 hic
1486 1280 1844 1382 'cuiquam
1892 1303 2142 1380 parcet
2187 1280 2446 1374 amico,
2501 1293 2606 1359 35

514 1405 609 1478 Et
659 1403 1164 1503 quodcunque
1215 1401 1441 1474 semel
1490 1398 1764 1474 chartis
1813 1402 2162 1496 illeverit‚
2215 1428 2470 1477 omues

516 1524 803 1598 Gestiet
850 1550 893 1596 a
941 1525 1162 1597 furno
1215 1519 1606 1597 redeuntes
1657 1521 1844 1595 scire
1891 1520 2225 1622 lacuque,

514 1645 611 1720 Et
684 1666 959 1746 pueros
1042 1661 1119 1714 et
1195 1667 1404 1715 anus.

518 1992 706 2048 ciendi
744 2009 907 2046 causa
942 1992 1014 2046 ab
1058 1992 1276 2047 oriente
1315 1991 1387 2045 ad
1418 2007 1518 2046 oc-

518 2081 801 2133 cidentem
854 2096 1023 2149 usque
1058 2096 1161 2149 per
1201 2080 1380 2132 maria
1414 2095 1516 2131 na·-

516 2168 686 2238 vigat.
771 2167 1119 2217 Mercator-es
1171 2164 1319 2234 apud
1361 2174 1515 2217 vete-

515 2271 605 2306 res
648 2269 763 2304 nou
797 2258 995 2319 parata
1030 2251 1270 2322 pecunia
1300 2266 1514 2303 merces

519 2354 740 2400 emere,
809 2337 907 2387 sed
945 2351 1157 2387 merces
1197 2353 1327 2387 cum
1367 2353 1518 2389 mer-

518 2426 675 2477 cibus
713 2423 776 2475 in
806 2421 999 2485 terris,
1061 2439 1199 2492 quas
1245 2422 1378 2474 navi
1416 2440 1516 2492 pe-

515 2511 737 2572 tebant,
838 2506 1221 2560 remotissimis
1292 2516 1517 2560 mutare

515 2594 801 2656 solebant,
890 2591 1037 2644 unde
1090 2592 1294 2660 passim
1329 2596 1513 2645 Hora·

514 2681 626 2733 tius
673 2685 1013 2730 mercatores
1054 2677 1381 2746 simpliciter
1415 2697 1517 2729 na-

516 2768 664 2817 vitas
706 2763 964 2834 appellat.
1008 2791 1097 2804 ·-—
1140 2764 1212 2814 ad
1259 2782 1376 2815 eum
1408 2764 1517 2831 (so-

488 2852 685 2919 jem),
746 2868 850 2919 quo
893 2850 1210 2924 Vespeftina
1253 2861 1398 2918 tepet
1428 2868 1514 2902 re-

515 2939 643 3004 gio,
691 2936 914 3005 elegans
956 2943 1014 2986 et
1040 2935 1129 2985 vel
1159 2934 1316 3003 epico
1348 2942 1517 3004 poeta

516 3021 684 3091 digua
715 3022 1015 3072 occidentis
1046 3020 1510 3090 circumscriptiO.

598 3126 650 3159 v.
683 3106 769 3159 31.
858 3106 991 3174 quin
1041 3123 1139 3173 per
1176 3114 1303 3158 cett.
1352 3106 1509 3174 quin,

514 3192 687 3244 velut.
719 3189 899 3261 pulvis
949 3190 1174 3242 turbine
1224 3190 1508 3255 collectus,

511 3295 612 3349 per
667 3268 892 3328 summa
955 3291 1201 3344 quaeque
1263 3276 1512 3346 pericula

511 3379 776 3433 praeceps
833 3360 1054 3429 agian-3
1140 3360 1272 3414 infr.
1329 3362 1507 3432 Epist.

511 3450 566 3512 Ι,
617 3448 675 3513 l,
719 3444 806 3499 45.
841 3462 921 3514 sq.
968 3447 1212 3514 Impiger
1245 3459 1511 3502 extremos

511 3535 686 3586 curris
724 3545 990 3583 mercator
1032 3532 1103 3581 nd
1147 3533 1350 3597 Ιηιίοε,
1398 3534 1513 3585 Per

509 3639 659 3671 mare
701 3618 1016 3687 pauperiem
1056 3616 1324 3685 fugiens,
1415 3635 1512 3687 per

507 3721 674 3771 saxa,
733 3721 831 3772 per
874 3703 1049 3769 igne&

590 3807 645 3842 v.
672 3789 758 3841 39..
805 3804 1019 3838 summa
1057 3788 1337 3858 deperdat,
1381 3805 1511 3859 per-

507 3872 606 3925 dat
656 3874 725 3926 de
768 3890 1004 3926 summa.

593 3975 643 4012 v.
671 3955 759 4011 34.
795 3976 877 4027 sq.
936 3959 1181 4011 Faenum
1211 3960 1337 4013 hab.
1372 3969 1506 4013 cett.

504 4042 641 4095 hinc
678 4053 777 4107 tu,
833 4043 1001 4097 simul
1046 4044 1109 4098 in
1146 4055 1508 4116 conspectum

506 4128 612 4181 tibi
653 4129 809 4182 venit
852 4139 1045 4198 poeta,
1131 4127 1374 4184 clamare
1417 4148 1508 4185 εο-

505 4213 618 4270 ]es:
690 4217 885 4286 Longe
941 4214 1075 4287 fuge
1130 4226 1388 4290 poetam,
1458 4216 1507 4270 is

1559 1638 1898 1743 Agedum
1921 1695 1942 1736 ,
2035 1669 2267 1743 pauca
2351 1642 2605 1746 accipe

1846 1783 2099 1836 contra
2116 1790 2135 1835 2

1600 1992 1754 2046 enim
1791 1991 2103 2056 timendus,
2148 1991 2293 2046 sicut
2321 1991 2440 2043 fere
2475 1992 2600 2056 bos,

1596 2079 1697 2149 qui
1753 2077 1984 2130 foenum
2049 2078 2111 2129 in
2177 2094 2356 2131 cornu
2408 2076 2603 2131 habet.

1596 2164 1822 2218 Scilicet
1864 2164 2126 2216 cornibus
2168 2156 2365 2216 eorum
2402 2162 2606 2229 boum,

1596 2249 1694 2320 qui
1736 2249 1839 2301 sibi
1869 2249 2061 2302 obvios
2104 2264 2281 2301 cornu
2322 2257 2604 2319 peterent,

1596 2334 1862 2401 foenum,
1918 2344 2184 2405 tanquam
2229 2335 2489 2405 siguum,
2537 2344 2606 2388 ut

1594 2419 1704 2472 sihi
1760 2420 1830 2473 ab
1887 2437 1954 2478 eo
2011 2429 2272 2482 caverent
2313 2429 2606 2490 praetere·

1597 2514 1787 2573 untes,
1864 2506 2163 2576 praeligari
2219 2505 2451 2559 solebat.
2511 2493 2609 2549 .'...

1598 2592 1881 2643 dummodo
1917 2621 1990 2636 ---
2024 2606 2212 2660 parcet
2249 2594 2455 2659 amico,
2503 2591 2606 2645 hic

1597 2686 1764 2747 poeta
1829 2693 1901 2729 ne
1971 2677 2074 2729 ulli
2127 2677 2356 2750 quidem
2413 2679 2604 2732 amico

1598 2771 1818 2832 parcet,
1893 2762 2195 2816 dummodo
2250 2763 2606 2833 voluptatem

1596 2847 1797 2900 vitium
1837 2847 2066 2919 aliquod
2103 2848 2272 2901 amici
2310 2849 2607 2918 deridendi

1596 2932 1706 2985 sibi
1748 2949 1946 3003 parare
1988 2934 2176 3003 possit.
2207 2963 2295 2976 ---
2322 2936 2451 3002 sibi,
2498 2936 2604 2989 da·

1594 3018 1744 3071 tivus
1794 3020 2106 3073 commodi:
2176 3020 2240 3073 in
2290 3037 2454 3073 suam
2497 3039 2605 3075 vo-

1593 3102 1885 3174 luptatem.

1679 3294 1731 3329 v.
1768 3275 1854 3329 36.
1909 3293 1988 3346 sq.
2077 3293 2259 3328 omnes
2307 3277 2461 3332 Gest.
2508 3308 2604 3321 --

1591 3362 1768 3424 scire,
1828 3362 2026 3432 gestiet
2064 3370 2201 3414 nota
2238 3363 2363 3415 fieri
2409 3367 2604 3417 omni-

1594 3446 1697 3499 bus
1729 3446 1819 3498 vel
1863 3446 2086 3499 infimae
2126 3447 2461 3501 conditionis
2493 3451 2603 3502 hd-

1593 3530 1877 3598 minibus‚
1957 3533 2045 3584 vel
2099 3549 2130 3584 a
2184 3532 2352 3585 furno
2412 3535 2507 3588 vel
2564 3554 2602 3588 a

1593 3614 1723 3668 lacu
1775 3617 2163 3685 redeuntibus3
2249 3635 2354 3688 per
2407 3620 2604 3673 lacum

1591 3701 1844 3770 intellige
1897 3703 2150 3767 alveum,
2239 3705 2391 3756 uude
2445 3723 2604 3776 aqua

1590 3804 1694 3858 per
1761 3788 2135 3857 aquaeductus
2205 3788 2287 3841 ihi
2352 3784 2605 3845 collecta

1590 3875 1998 3939 arcessebatur3
2070 3873 2131 3926 bi
2190 3873 2378 3943 lacus,
2447 3893 2600 3948 quo-

1590 3975 1721 4010 rum
1761 3976 1968 4030 magne
1999 3962 2215 4015 Romae
2249 3960 2362 4013 fuit
2402 3961 2602 4031 copia,

1588 4044 1892 4114 peculiaria
1930 4045 2157 4096 nomina
2180 4045 2478 4116 gerebant,
2525 4057 2603 4099 ut

1591 4130 1743 4181 lacus
1778 4130 2043 4182 Servilius
2083 4130 2233 4199 apud
2277 4132 2604 4186 ciceronem

1586 4231 1673 4286 pr.
1718 4216 1879 4270 Rosc.
1925 4218 2047 4270 Am.
2078 4232 2127 4269 c.
2163 4216 2252 4271 82.
