2682 4858
665 273 1438 345 EPlSTOLARVM
1478 274 1672 343 LIB.
1711 278 1777 357 1,
1829 289 1887 348 1.

227 454 444 529 Plebs
499 453 660 526 eris.

226 573 310 645 Si
363 593 559 645 recte
613 569 858 645 facies,

2187 290 2316 353 253

764 447 867 522 At
915 449 1130 548 pueri
1177 448 1553 542 ludentes»,
1608 448 1766 524 Rex
1810 452 1985 545 eris,
2040 454 2265 548 aiunt,

960 567 1104 641 Hic
1154 596 1412 644 murus
1463 566 1786 645 aheneus
1840 594 2019 669 esto,

2219 591 2314 652 60

225 693 362 770 Nil
413 689 750 768 conscire
804 689 976 786 sibi,
1029 689 1230 763 nulla
1283 690 1682 790 pallescere
1735 694 1968 794 culpa.
2010 766 2013 773 ,

223 811 493 890 Roscia
547 809 699 908 (dic
752 810 1000 906 sodes)
1056 809 1320 885 melior
1367 811 1517 910 lex,
1586 839 1677 885 an
1732 841 2133 913 puerorum
2209 837 2317 890 est

371 930 378 934 ’
427 946 468 969 ν

224 1144 332 1197 bus
373 1143 487 1197 Hs.
533 1140 744 1215 (quam
782 1159 1062 1197 summam
1104 1158 1233 1216 pos-

225 1228 410 1282 sidere
436 1227 678 1282 debebat
696 1230 756 1282 in
781 1229 1036 1283 ordinem
1047 1231 1231 1300 Eque-

224 1324 405 1368 strem
445 1314 821 1385 recipiendus)
881 1331 975 1369 sex
1015 1316 1106 1367 vel
1147 1331 1231 1367 se»

225 1410 388 1471 ptem
429 1399 612 1452 millia
668 1401 902 1464 desunt,
979 1399 1231 1469 quamvis

226 1504 287 1540 es
330 1486 419 1539 vir
459 1486 665 1552 honus,
720 1485 1011 1551 honestus,
1056 1486 1229 1538 diser-

224 1581 316 1625 tus
365 1581 421 1624 et
461 1573 684 1641 probus,
731 1581 924 1625 tamen
965 1571 1038 1624 ad
1080 1569 1227 1623 ordi-

224 1674 365 1710 nem
392 1655 675 1728 plebeium
703 1658 930 1725 relatuS,
974 1673 1091 1710 non
1112 1656 1231 1709 frui

222 1751 387 1814 potes
429 1744 669 1808 honore,
715 1760 824 1813 quo
869 1741 1084 1813 equites
1108 1742 1228 1795 fru-

221 1837 420 1883 untur.
496 1827 589 1881 Sic
631 1829 883 1897 profecto
930 1846 1048 1881 non
1088 1844 1229 1898 opus

221 1922 341 1980 est,
412 1922 480 1966 ut
521 1930 576 1965 v.
621 1913 705 1968 55.
748 1914 832 1968 57.
879 1913 965 1967 58.
1006 1922 1228 1967 mutato

222 1999 430 2052 ordine
497 2014 630 2051 cuin
687 2000 933 2052 Bentleio
994 2008 1050 2052 et
1103 1998 1228 2051 aliis

218 2086 488 2157 legantur
529 2085 642 2140 sic:
701 2088 806 2137 Est
847 2086 1056 2137 animus
1103 2085 1227 2150 tibi,

219 2184 360 2223 sunt.
403 2189 603 2236 mores,
665 2184 771 2223 est
815 2172 1012 2239 lingua
1054 2170 1225 2234 fides-

223 2274 368 2328 que,
458 2257 590 2309 Sed
649 2256 1070 2326 quadringentis
1128 2272 1228 2309 sex

220 2354 432 2411 septem
488 2342 669 2393 millia
723 2342 935 2394 desunt.
993 2368 1084 2382 —
1136 2342 1229 2394 De

221 2428 413 2501 pretio
456 2429 794 2496 sestertium,
845 2437 903 2481 et
944 2425 1014 2481 de
1056 2425 1228 2481 ratio-

222 2531 330 2580 ne,
392 2530 505 2583 qua
558 2531 755 2566 eorum
809 2529 1032 2567 summa
1086 2511 1230 2568 desi-

221 2607 472 2676 gnatur,
526 2599 680 2665 vide,
729 2616 873 2671 quae
917 2597 1231 2651 observavi-

219 2702 355 2739 mus
412 2681 484 2736 ad
541 2685 825 2738 Ciceronis
881 2685 1230 2737 Auserlesene

221 2772 427 2823 Raden
468 2790 523 2843 p.
561 2771 644 2823 17.
669 2779 726 2822 et
757 2772 838 2824 18.
871 2797 960 2811 --
984 2773 1054 2821 At
1070 2771 1229 2840 pueri

222 2858 513 2921 ludentes,
589 2855 755 2926 pueri
795 2867 1029 2920 contra,
1094 2872 1227 2909 cum

217 2941 450 3008 ludunt,
493 2958 609 2994 non
634 2940 840 3005 ditiori,
885 2941 982 2995 sed
1011 2940 1081 3006 ei,
1130 2942 1228 3012 qui

221 3041 376 3079 recte
406 3024 590 3094 sacis,
647 3027 744 3097 qui
786 3027 922 3080 alios
967 3036 1086 3080 arte
1133 3045 1226 3079 su·

220 3121 425 3183 perat,
471 3129 715 3164 summos
758 3112 820 3165 in
861 3113 997 3165 ludo
1046 3112 1228 3165 hono-

216 3215 316 3251 res
359 3195 653 3262 deferunt,
725 3217 912 3266 regem
954 3214 1087 3251 eum
1128 3214 1226 3266 ap-

211 3284 515 3356 pellantes.
581 3283 747 3353 Quod
793 3282 1057 3336 ludorum
1087 3298 1226 3352 pue-

213 3369 425 3423 rilium
476 3384 651 3440 genus
694 3378 862 3439 poeta
899 3369 1224 3438 respexerit,

212 3454 319 3509 vix
348 3462 505 3507 certo
531 3449 797 3507 constitui
819 3464 1017 3524 potest.
1060 3454 1221 3524 Apud

212 3557 326 3594 nos
372 3555 594 3611 quoque
633 3540 693 3592 in
734 3539 989 3609 pluribus
1018 3556 1222 3610 puero-

211 3643 358 3679 rum
398 3624 547 3676 ludis
589 3633 644 3677 et
687 3625 746 3677 in
788 3625 914 3679 aliis
958 3623 1221 3681 certami-

211 3711 390 3765 nibus
434 3709 752 3780 (praecipue
794 3711 970 3779 iniis,
1014 3711 1114 3764 ubi
1141 3710 1224 3763 al-

210 3805 312 3849 ter
356 3794 598 3849 alterum
637 3795 933 3849 iaculando
979 3797 1069 3849 vel
1099 3796 1224 3868 glo-

207 3882 383 3937 bulos
436 3881 511 3934 ad
558 3891 774 3935 certam
825 3892 1043 3935 metam
1090 3882 1223 3935 mit-

207 3967 391 4020 tendo
435 3967 658 4020 vincere
698 3966 905 4033 studet)
946 3967 1099 4037 viget
1127 3967 1222 4018 hic

208 4069 361 4118 mos,
408 4062 475 4107 ut
515 4054 582 4120 is,
625 4053 725 4122 qui
752 4053 948 4106 ceteris
974 4051 1221 4121 palmam

206 4134 508 4211 praeripit,
521 4140 674 4206 regis
686 4138 852 4192 titulo
871 4138 1221 4209 insigniatur.

299 4242 357 4279 v.
384 4223 650 4279 60—61.
708 4223 820 4281 Hic
847 4241 1039 4278 murus
1065 4233 1218 4295 cett.,

851 4327 888 4350 Χ

1316 1142 1453 1196 dum
1494 1153 1661 1213 poeta
1689 1145 1757 1196 de
1784 1145 1984 1215 pretio,
2029 1162 2143 1199 non
2173 1146 2312 1199 divi-

1313 1227 1440 1294 tiis,
1501 1230 1598 1282 sed
1636 1239 1787 1281 recte
1829 1230 1993 1283 sactis
2021 1231 2311 1285 statuendo

1312 1315 1600 1385 loquitur,
1673 1316 1872 1368 inserit
1925 1318 2311 1387 gravissimam

1312 1401 1648 1455 sententiam
1682 1401 1862 1454 hanc:
1929 1403 2193 1476 „Nullius
2226 1403 2313 1457 rei

1313 1486 1465 1539 male
1504 1486 1688 1539 factae
1727 1487 1834 1538 sibi
1859 1488 2146 1540 conscium
2175 1505 2310 1555 esse,

1315 1566 1385 1623 de
1416 1570 1575 1623 nullo
1609 1572 1830 1641 flagitio
1859 1572 2073 1642 pudore
2098 1573 2309 1627 suffun-

1314 1656 1392 1726 di,
1426 1657 1533 1709 hoc
1560 1657 1877 1710 firmissime
1903 1665 2095 1728 pectus
2123 1659 2310 1712 muni-

1313 1760 1394 1809 re,
1442 1751 1497 1796 et
1524 1742 1592 1796 ab
1625 1744 1725 1810 iis,
1768 1760 1911 1815 quae
1941 1744 2130 1814 turpia
2156 1753 2306 1810 sunt,

1311 1827 1614 1883 defendere
1642 1829 1873 1881 dehet.“

1398 1911 1709 1969 v.62-64.
1732 1916 1944 1966 Roscia
1971 1916 2092 1979 (dic
2122 1916 2307 1982 sodes)

1313 2010 1467 2067 cett„
1510 2017 1722 2052 sensns:
1768 1999 1875 2065 dic,
1915 2017 2139 2070 quaeso,
2169 2004 2308 2054 imm

1311 2088 1403 2140 lex
1454 2086 1659 2140 Roscia
1733 2084 2077 2150 (secundum
2137 2103 2310 2156 quam

1309 2172 1532 2242 Equiti,
1613 2180 1677 2224 ut
1718 2168 2159 2267 quingentorum
2197 2173 2307 2226 HS.

1308 2257 1637 2330 possessori,
1665 2240 1911 2309 sedern
1893 2273 1953 2307 m
1978 2257 2309 2325 spectaculis

1309 2342 1730 2396 honoratiorem
1773 2343 1835 2393 in
1885 2342 2310 2412 quatuordecim

1311 2429 1577 2501 gradihus
1597 2429 1714 2482 sive
1737 2427 1948 2494 cuneis,
1969 2424 2307 2498 orchestrae,

1312 2516 1374 2568 in
1399 2532 1510 2584 qua
1532 2524 1814 2568 senatores
1847 2514 2135 2582 sedebant,
2177 2532 2308 2586 pro-

1310 2601 1508 2676 ximis,
1551 2615 1826 2670 occupare
1865 2599 2105 2666 licebat)
2144 2617 2307 2671 prae·

1311 2687 1551 2740 ferenda
1604 2687 1677 2739 sit
1729 2701 2037 2756 puerorum
2074 2687 2307 2739 cantile-

1311 2789 1449 2826 nae:
1496 2773 1621 2824 Rea:
1655 2772 1789 2837 eris,
1836 2773 1887 2822 si
1916 2772 2305 2839 rectesacies?

1308 2858 1368 2911 h.
1401 2875 1447 2911 e.
1473 2867 1669 2910 utrum
1695 2873 1832 2908 auro
1863 2874 1937 2908 an
1967 2857 2161 2910 virtuti
2187 2875 2307 2911 ma-

1311 2944 1397 2996 ius
1425 2941 1789 3002 tribuendum
1815 2942 1888 2994 sit
1914 2944 2196 3011 pretium?
2220 2968 2304 2985 --

1311 3029 1383 3081 de
1426 3029 1554 3099 lege
1592 3027 1854 3081 theatrali
1890 3027 2081 3081 Roscii
2125 3029 2308 3082 Otho-

1308 3114 1397 3167 nis
1437 3115 1512 3167 cf.
1552 3131 1703 3184 supr.
1749 3112 1821 3166 ad
1865 3113 2040 3182 Epod.
2073 3116 2173 3179 lv,
2219 3114 2304 3167 16.

1308 3227 1398 3241 —
1431 3200 1682 3266 Naeuia,
1751 3198 1977 3269 proprie
2023 3198 2091 3250 de
2135 3208 2308 3253 cantu

1308 3285 1569 3357 lugubri,
1657 3302 1811 3337 nunc
1851 3283 1921 3336 de
1980 3292 2150 3335 cantu
2190 3283 2306 3336 lae-

1265 3379 1276 3398 ·
1308 3373 1487 3444 tiore,
1519 3370 1634 3423 sive
1664 3370 1733 3422 de
1755 3369 1921 3434 laeta,
1967 3385 2078 3438 qua
2103 3368 2305 3422 victori

1307 3458 1367 3510 in
1394 3456 1529 3509 ludo
1560 3455 1763 3526 puerili
1792 3455 1980 3526 palma
2021 3451 2305 3506 adiudica-

1307 3551 1420 3610 tur,
1442 3541 1863 3598 acclamatione.
1882 3568 1955 3579 —-
1977 3543 2051 3590 Et
2068 3540 2307 3590 maribus

1309 3627 1434 3681 Cur.
1463 3641 1513 3679 et
1541 3629 1655 3679 dec.
1680 3626 1845 3691 Cam„
1891 3641 2003 3694 qua
2028 3625 2307 3679 cantilena

1308 3714 1514 3767 Curius
1553 3727 1778 3782 quoque
1809 3718 1866 3761 et
1896 3709 2163 3762 Camillus
2190 3727 2307 3762 non

1309 3807 1487 3853 aetate
1512 3804 1730 3849 tantum
1760 3794 1984 3864 puerili,
2011 3794 2108 3847 sed
2132 3796 2307 3851 etiam

1305 3884 1549 3950 (mares)
1597 3889 1778 3932 aetate
1836 3880 1985 3932 virili
2026 3881 2110 3933 usi
2152 3890 2299 3946 sunt,

1305 3985 1422 4020 non
1447 3966 1664 4019 divitias
1703 3966 2145 4034 possidentibus,
2207 3967 2307 4020 sed

1307 4067 1453 4105 recte
1483 4051 1834 4118 jacientibus
1874 4051 2300 4121 applaudentes;

1303 4164 1394 4179 -—·
1439 4155 1612 4189 mares
1657 4137 1772 4189 iam
1818 4137 1885 4190 de
1932 4137 2303 4207 generosioris

1304 4222 1478 4279 animi
1522 4233 1581 4277 et
1629 4223 1910 4279 masculae
1956 4222 2176 4276 virtutis
2219 4222 2300 4275 vi-
