2682 4858
441 234 1222 311 EPISTOLARVM
1264 236 1457 306 LJB.
1496 239 1557 321 1,
1607 247 1669 321 1.

1964 251 2096 316 245

66 408 421 503 Maecenas,
474 407 740 485 iterum
792 410 1095 513 antiquo
1145 437 1265 485 me
1317 366 1704 487 includere
1753 411 1993 488 ludo?

66 528 204 605 Noa
250 528 490 611 eadem
542 549 649 613 est
703 550 941 628 aetas,
996 558 1145 620 non
1198 557 1426 605 mens·

1530 532 1883 615 Veianius
1902 591 1925 632 ,
1977 564 2091 613 ar·

1338 652 1472 726 mis
2076 660 2082 669 '

65 765 354 845 Herculis
402 767 494 843 ad
543 792 826 871 postem
875 771 1075 865 fixis,
1127 772 1299 846 latet
1348 772 1640 846 abditus
1686 799 1884 874 agro,
2042 783 2086 851 5

63 886 149 959 Ne
189 888 535 988 populum
586 911 903 964 extrema
955 893 1165 966 toties
1218 912 1476 966 exoret
1512 910 1762 975 arena,

67 1005 162 1121 Est
210 1008 412 1105 mihi,
474 1032 854 1116 purgatam
909 1014 1176 1086 crebro
1231 1010 1362 1113 qui
1413 1033 1756 1113 personet
1804 1035 2082 1088 aurem:

65 1274 152 1328 iam
192 1278 307 1333 satis
344 1288 630 1351 spectante
673 1288 731 1336 et
775 1277 999 1334 favente

65 1362 225 1431 populo
274 1376 451 1420 artem
510 1384 672 1420 suam
724 1367 999 1441 probave-

67 1455 156 1512 rat,
191 1452 340 1517 rude,
385 1454 501 1506 sive
542 1451 774 1519 baculo,
829 1452 1001 1506 liber-

65 1533 163 1583 tatis
194 1534 372 1606 signo,
419 1538 676 1604 donatus,
719 1554 835 1591 non
878 1556 1001 1592 am-

65 1615 175 1683 plias
208 1638 412 1692 pugnae
451 1624 771 1694 periculum
814 1625 1001 1678 subire

63 1703 317 1760 tenebatur.
357 1709 624 1763 Horatius
650 1709 843 1780 igitur,
883 1727 997 1763 non

64 1788 165 1839 rude
197 1792 435 1861 quidem,
481 1793 584 1848 sed
624 1796 782 1847 lauro
827 1794 999 1848 dona-

62 1880 149 1938 tus,
206 1893 255 1928 se
306 1890 368 1933 ut
407 1880 659 1933 militem
698 1880 762 1933 in
805 1882 1000 1935 castris

62 1955 296 2016 Musarum
348 1965 654 2020 emeritum
696 1965 786 2018 vel
830 1982 997 2019 exau-

61 2050 286 2101 ctoratum
322 2050 590 2111 declarat.
642 2077 731 2094 -
784 2066 997 2122 specta-

65 2138 165 2199 tum,
197 2132 462 2205 gladiator
505 2149 819 2209 spectatur,
864 2155 997 2191 cum

59 2210 102 2262 in
146 2233 416 2295 conspectu
489 2222 690 2295 populi
745 2232 994 2294 puguat3

58 2309 184 2364 poeta
230 2322 533 2379 spectatur,
608 2326 740 2361 cum
794 2326 883 2362 ars
939 2317 997 2362 et

57 2380 294 2454 ingenium
354 2394 415 2450 in
473 2395 597 2450 eius
653 2395 996 2449 carminibus

59 2477 369 2541 cognoscitur.
413 2509 493 2523 -—
548 2482 770 2551 quaeris
798 2483 997 2537 iterum

58 2559 233 2628 antiquo
246 2585 321 2619 me
350 2568 632 2621 includere
659 2568 810 2632 ludo,
836 2567 994 2621 locu-

45 2639 172 2698 *tione
207 2647 524 2721 gladiatori,
594 2653 689 2706 cui
728 2654 994 2706 Horatius

47 2740 102 2810 Γὅτε
152 2737 481 2808 aequiparat,
570 2738 994 2793 accommodata

55 2825 155 2877 1³10:
229 2824 375 2893 cupis
431 2839 530 2877 me
593 2824 864 2895 repellere
921 2823 993 2877 ad

56 2909 257 2973 Ρῡθΰεοε,
306 2910 396 2962 cui
437 2909 582 2963 olim
623 2926 856 2980 operam
898 2909 993 2962 de-

59 2978 115 3046 di,
151 2994 472 3063 exercitium,
518 3010 748 3050 revocas
791 3013 882 3049 me
920 2995 993 3049 ad

56 3069 293 3131 scribenda
327 3080 612 3147 earmina;
657 3081 1000 3152 gladiatores

55 3159 323 3224 pngnahant
358 3167 418 3220 in
459 3165 630 3235 ludo,
694 3185 860 3221 muro
903 3166 996 3220 vel

59 3246 268 3301 canceuis
334 3251 572 3305 incluso.
656 3255 789 3306 Post
865 3253 994 3305 ludo

54 3329 176 3387 P0sui
221 3351 342 3389 cum
381 3339 502 3391 Fen
556 3337 784 3408 signum
820 3339 996 3392 inter-

55 3417 332 3502 rogationis}
385 3424 468 3477 sic
510 3433 666 3476 certe
708 3424 889 3476 oratio
931 3423 996 3474 fit

56 3497 260 3587 vividior,
300 3508 577 3578 habetque
621 3509 834 3579 aliquid
871 3525 995 3581 spe-

58 3592 198 3640 etone
230 3593 680 3664 exprobrationis.

82 3748 90 3758 ·
118 3671 337 3732 vat-6.
380 3698 557 3747 mens,
603 3679 878 3734 sentiendi
905 3696 998 3732 ra-

59 3754 142 3820 ²¹0;
201 3761 353 3817 aliter
407 3767 561 3819 enim
626 3767 685 3819 in
741 3766 995 3828 iuvenili,

58 3834 186 3895 aliter
221 3848 278 3900 iu
318 3851 486 3917 virili,
530 3851 696 3905 aliter
736 3851 799 3904 in
842 3849 1000 3924 senili

58 3933 203 3981 &etate
251 3938 528 3990 sentinms.
584 3964 673 3979 —
732 3939 1000 3991 Ceterum

59 4000 128 4060 hie
163 4013 319 4086 loeus,
358 4022 657 4077 Horatium
681 4033 823 4090 tum,
871 4038 1002 4074 cum

56 4085 168 4150 ²¹²ssss
205 4106 486 4174 epistolam
526 4109 773 4182 primam
797 4107 1003 4161 scribe-

1086 1297 1176 1351 σε,
1219 1290 1414 1353 aperte
1457 1279 1652 1353 docet,
1709 1281 1846 1337 licet
1890 1299 2084 1351 annus,

1085 1384 1195 1438 quo
1238 1369 1340 1447 illa
1381 1369 1590 1438 scripta
1636 1368 1729 1436 sit,
1772 1378 1923 1422 certo
1948 1386 2082 1423 con·
2178 1378 2185 1384 “

1084 1454 1244 1507 stitui
1267 1463 1530 1529 nequeat.
1557 1476 1645 1499 ·-·
1695 1455 1965 1523 Veianius,
1993 1473 2083 1504 ar-

1084 1541 1192 1592 mis
1231 1549 1365 1594 cett.
1449 1542 1575 1593 Iam
1614 1540 1954 1599 nominatim
1995 1537 2080 1590 in-

1086 1624 1244 1678 ducit
1310 1625 1686 1696 gladiatorem
1763 1625 2074 1688 Veianium..

1082 1710 1200 1782 qui,
1243 1721 1544 1782 postquam
1583 1720 1706 1766 arte
1748 1709 2082 1783 gladiatoria

1079 1813 1139 1849 se
1181 1797 1608 1863 nobilitaverat,
1669 1806 1744 1850 ut
1792 1814 1895 1868 per
1943 1794 2078 1850 reli-

1079 1898 1254 1954 quam
1306 1882 1485 1957 vitam
1541 1899 1769 1935 securus
1823 1892 1965 1935 esset
2004 1882 2077 1934 ab

1078 1968 1239 2020 omni
1276 1968 1363 2021 rei
1402 1968 1767 2038 gladiatoriae
1804 1968 2076 2038 periculo,

1078 2068 1219 2124 agro
1259 2052 1482 2106 abditus
1519 2053 1766 2106 latuerit.
1817 2054 1924 2106 Ille
1965 2053 2077 2124 igi-

1077 2147 1177 2192 tur
1227 2156 1387 2192 arma
1426 2156 1525 2192 sua
1565 2139 1626 2191 in
1665 2137 1883 2191 foribus
1908 2147 2073 2198 ,tem-

1075 2223 1161 2297 pli
1202 2224 1517 2299 Herculis,
1563 2223 1626 2277 in
1669 2222 1829 2277 cuius
1867 2223 2077 2294 praesi-

1078 2310 1175 2362 dio
1233 2319 1395 2365 erant
1445 2309 1814 2380 gladiatores,
1889 2308 2074 2362 fixisse

1079 2395 1290 2450 dicitur
1307 2434 1323 2463 ,
1370 2397 1458 2449 uti
1499 2395 1708 2466 milites
1748 2402 1875 2466 post
1912 2410 2076 2466 pera-

1078 2492 1231 2537 ctam
1273 2482 1540 2537 mssitiam
1581 2497 1743 2534 arma
1779 2463 1902 2545 sua,
1948 2490 2074 2536 tan-

1078 2584 1247 2640 quam
1289 2558 1658 2634 ἀναθήματα
1705 2567 1880 2620 Marti
1935 2582 2075 2620 con-

1074 2670 1291 2707 secrare
1325 2661 1328 2664 ’
1363 2654 1632 2707 solebant.
1724 2654 1850 2706 Iam
1915 2668 2072 2718 vero,

1078 2758 1210 2794 cum
1237 2739 1499 2807 Veianio,
1539 2737 1740 2793 relicto
1778 2736 1933 2805 ludo,
1976 2755 2074 2789 ru-

1074 2826 1261 2880 sticari
1300 2825 1557 2893 licuerit,
1603 2841 1736 2877 eum
1775 2823 1892 2876 iam
1932 2822 2076 2875 rude

1077 2911 1369 2978 donatum,
1415 2912 1534 2964 sive
1575 2909 1945 2982 gladiatorem
1975 2925 2073 2960 ru-

1079 2998 1320 3051 diarium
1361 2997 1551 3068 fuisse,
1594 3003 1790 3066 sponte
1824 2999 2072 3065 apparet.

1079 3084 1189 3138 Sed
1260 3082 1522 3135 libertate
1583 3097 1809 3151 quoque
1879 3079 2074 3133 donati

1077 3186 1181 3241 pro
1248 3168 1435 3222 lubitu
1506 3182 1677 3238 porro
1760 3166 2075 3218 intererant

1078 3255 1282 3327 pugnis
1332 3252 1699 3324 gladiatoriis.
1784 3250 1861 3303 Hi
1896 3249 2073 3320 igitur

1076 3357 1193 3395 non
1232 3349 1455 3392 tantum
1483 3338 1619 3390 victi
1650 3335 1800 3389 vitae
1828 3334 2073 3401 veniam,

1076 3425 1173 3479 sed
1218 3424 1406 3490 etiam,
1452 3422 1588 3476 dum
1631 3421 1945 3474 inarenam
1977 3419 2073 3471 de-

1076 3510 1442 3575 scendebant,
1485 3508 1741 3561 favorem
1774 3504 1969 3575 populi
1995 3505 2072 3557 si-

1078 3596 1138 3651 bi
1203 3595 1488 3665 expetiisse
1559 3591 1841 3645 videntur.
1924 3589 2072 3641 Hinc

1081 3683 1174 3735 Ne
1215 3682 1471 3751 populum
1514 3685 1644 3730 cett.
1688 3689 1924 3728 extrema
1953 3693 2073 3726 are·

1083 3785 1192 3835 na,
1235 3775 1485 3818 extrema
1526 3770 1688 3831 parte
1729 3761 1819 3812 vel
1860 3776 1956 3811 ora
1988 3759 2073 3814 lo-

1083 3853 1154 3918 ci,
1201 3852 1298 3903 ubi
1340 3849 1675 3921 gladiatores
1716 3845 2072 3915 pugnabant3

1086 3955 1257 3989 arena
1305 3952 1409 4006 pro
1454 3933 1580 3986 loco
1607 3946 1781 3987 arena
1807 3939 1957 3984 tecto
1986 3933 2076 3986 vel

1085 4036 1398 4090 consperso.

1171 4105 1419 4159 v.7-9.
1462 4109 1566 4158 Est
1607 4102 1747 4158 mihi
1787 4112 1918 4158 cett.
1962 4105 2074 4157 Ne·

57 4188 138 4246 ’θ’
177 4185 283 4245 iam
305 4202 483 4248 aetate
506 4204 840 4267 provectum
855 4190 1007 4248 suis-
1088 4201 1186 4248 xus
1228 4199 1283 4245 et
1321 4208 1545 4249 sensus:
1589 4193 1665 4244 Vt
1703 4207 1810 4263 ego
1849 4189 2082 4258 faciam,
