2682 4858
255 287 266 318 .
396 335 399 336 f
542 213 1190 332 'SA‘rfflARvM
1245 261 1433 330 Lis.
1479 262 1574 342 11,
1623 272 1705 336 ·s.

2047 273 2183 343 ‘163

139 432 405 536 Naviget
433 429 895 538 Anticyram:
948 393 1130 536 quid
1163 434 1361 509 enim
1394 435 1683 531 differt,
1732 395 2180 518 barathrone

134 556 383 651 DoneS,
465 553 822 657 quicquid
873 543 1140 650 habes3
1220 584 1315 629 an
1365 583 1747 658 nunquam
1798 580 2003 644 utare
2051 592 2177 665 pa.

1430 679 1599 752 ratis
1618 677 1658 751 ?

127 795 381 871 Servius
433 793 798 897 Oppidius
852 794 1124 870 Canusi
1175 793 1328 871 duo
1380 796 1713 897 praedia,
1776 797 1987 878 ,dives

121 919 412 1021 Antiquo
464 943 729 1011 censu,
809 916 998 991 natis
1052 914 1311 992 divisse
1364 915 1657 992 duobus

117 1039 381 1134 Fertur,
433 1060 507 1114 et
555 1038 741 1113 haec
766 1037 1088 1111 moriens
1122 1037 1375 1137 pueris
1402 1034 1669 1113 dixisse
1701 1042 1968 1118 voeatis
2025 1058 2167 1121 170

115 1160 217 1233 Ad
256 1162 553 1235 lectum:
618 1180 1005 1260 postquam
1055 1177 1125 1250 te
1180 1158 1401 1251 talos,
1455 1158 1652 1234 Aule
1674 1216 1696 1254 ,
1748 1187 2120 1264 nucesque

114 1279 301 1356 Ferre
349 1283 514 1364 sinu
563 1283 775 1374 laXO,
856 1278 1131 1353 donare
1186 1298 1258 1351 et
1307 1277 1582 1355 ludere·
1620 1279 1808 1375 vidi3

115 1400 241 1496 Te,
287 1400 579 1498 Tiberi,
630 1385 1047 1497 numerare,
1104 1399 1293 1475 cavis
1346 1401 1795 1495 abscondere
1845 1401 2163 1479 tristem:

114 1520 431 1621 Extimui,
502 1549 597 1596 ne
651 1547 781 1596 vos
833 1541 1083 1624 ageret
1131 1517 1420 1594 vesania
1464 1518 1778 1616 discors;

113 1639 211 1716 Tu
248 1642 826 1740 Nomentanum,
879 1663 963 1717 tu
1014 1665 1109 1717 ne
1161 1661 1551 1741 sequerere
1602 1639 1956 1722 Cicutam.
2015 1660 2105 1724 17
2114 1657 2156 1725 5

113 1761 326 1851 Quare
374 1792 511 1869 per
562 1765 770 1843 divos
821 1784 1072 1839 oratus
1124 1781 1435 1863 uterq-ue
1488 1784 1811 1865 penates,

171 2049 344 2108 v.166.
387 2050 965 2123 navigetAmicyram,
992 2051 1067 2106 cf.

106 2133 161 2187 ad
204 2155 251 2190 v.
278 2138 361 2193 83.
401 2166 494 2181 —-
541 2140 879 2192 barathrone
922 2138 1067 2191 Don.

105 2222 329 2292 quicquid
351 2226 481 2278 hab.
500 2265 519 2296 ‚
563 2233 755 2278 utrum
776 2240 911 2295 opes
940 2232 1068 2285 tuas

104 2307 382 2364 ambitionis
424 2320 484 2364 et
515 2310 731 2381 gratiae
758 2309 1067 2381 captandae

104 2383 239 2448 omisa
275 2395 440 2452 dones
483 2396 726 2468 populo,
771 2396 873 2468 qui
900 2396 1068 2470 bara-

103 2476 204 2532 thro
254 2481 307 2534 h.
344 2502 391 2538 e.
435 2484 748 2537 immensae
807 2482 1067 2554 voragini

103 2565 259 2619 omnia
292 2568 615 2623 absorbenti
642 2575 701 2620 et
732 2567 1066 2641 deglutienti

102 2658 166 2702 est
198 2652 412 2723 similis,
457 2671 533 2707 an
575 2662 706 2707 cett.

165 2753 209 2790 v.
240 2738 349 2792 169.
393 2742 555 2792 dives
594 2740 837 2810 Antiqua
881 2756 1062 2806 censu,

96 2836 178 2889 pro
213 2825 452 2892 ratione,
517 2841 627 2897 qua
671 2824 873 2897 aliquis
915 2825 1064 2878 anti-

95 2906 250 2975 quitus
288 2910 434 2965 dives
479 2910 828 2964 censebatur.

160 3013 339 3087 v.l7l.
411 3014 594 3081 talos,
655 3013 811 3087 quod
854 3014 921 3067 de
966 3014 1055 3081 iis,

94 3111 210 3165 quae
247 3100 316 3153 ad
355 3100 607 3154 talorum
634 3109 692 3152 et
716 3110 1060 3153 tesserarum

90 3180 255 3238 ludum
293 3195 576 3258 spectant,
620 3184 764 3238 scire
790 3202 930 3255 opus
956 3194 1058 3253 est,

90 3265 302 3325 breviter
355 3282 414 3325 et
476 3278 742 3323 accurate
803 3271 1057 3341 exposuit

88 3354 301 3420 Ernest„
331 3357 393 3412 in
449 3357 608 3411 Clav.
672 3357 788 3410 Cic.
829 3374 873 3411 s.
916 3372 1057 3410 voce

87 3439 221 3496 talus.

150 3541 196 3581 v.
221 3527 527 3583 171-175,
568 3541 857 3599 postquam
885 3539 940 3581 te
971 3539 1057 3579 ta·

87 3607 168 3664 los.
216 3614 365 3669 Sicut
390 3614 595 3684 hodie,
638 3614 717 3667 ita
748 3613 888 3666 olim
915 3629 1054 3685 quo-

85 3711 174 3765 que
219 3702 379 3769 pueri
433 3700 593 3769 talis,
666 3701 894 3753 nucibus
948 3715 1052 3769 pro

83 3786 305 3846 praemio
359 3787 590 3855 positis,
664 3787 854 3838 ludere
908 3783 1052 3837 sole-

80 3861 210 3923 bant.
258 3872 404 3924 Hine
446 3869 632 3941 sponsi
677 3870 767 3923 die
810 3869 1052 3940 nuptiali

82 3958 387 4023 spargebant
417 3974 584 4011 nuces
599 3991 617 4022 ‚
662 3955 839 4027 (Virg.
857 3954 1052 4026 Eclog.

82 4034 219 4105 VIII,
262 4041 349 4096 80.
395 4061 630 4112 sparge,
676 4042 907 4109 marite,
952 4057 1054 4091 nu-

1151 2045 1296 2101 alter
1334 2047 1516 2114 filius,
1590 2048 1799 2116 Aulus,
1869 2050 2035 2120 paulo
2076 2051 2156 2107 le·

1150 2134 1276 2187 vior
1337 2142 1393 2185 et
1449 2133 1521 2187 ad
1573 2131 1973 2189 liberalitatem
2027 2154 2155 2206 pro-

1149 2219 1403 2291 pensior,
1466 2226 1659 2289 aperte
1702 2218 1763 2272 in
1813 2230 1981 2291 togae
2026 2223 2155 2274 sinu

1151 2308 1283 2359 laxo
1331 2304 1535 2372 (latius
1578 2308 1839 2374 extenso)
1895 2306 2158 2380 portabat

1149 2408 1357 2459 nuces,
1417 2406 1556 2462 quas
1596 2388 1690 2444 vel
1730 2390 1909 2444 obviis
1950 2381 2152 2448 sodaliss

1149 2478 1252 2532 bus
1305 2476 1579 2542 donabat,
1648 2476 1741 2530 vel
1794 2478 1863 2531 iis
1905 2472 2152 2549 ludebat,

1147 2564 1232 2617 ita
1273 2561 1528 2634 quidem,
1586 2570 1651 2615 ut
1695 2562 1853 2616 brevi
1894 2573 2152 2634 tempore

1148 2646 1296 2701 nihil
1350 2647 1402 2700 ei
1464 2655 1704 2701 restaret
1759 2647 1828 2701 de
1879 2652 2150 2721 nucibus3

1146 2734 1321 2800 alter,
1372 2733 1656 2801 Tiberius,
1700 2733 1869 2803 paulo
1914 2735 1986 2789 ad
2027 2753 2151 2790 rem

1144 2818 1416 2872 attentior
1469 2829 1526 2871 et
1567 2819 1639 2871 ad
1681 2819 1976 2873 avaritiam
2017 2840 2148 2893 pro-

1142 2905 1373 2973 clivior,
1411 2904 1629 2975 saepius
1668 2906 2005 2960 numerabat
2043 2923 2149 2961 nu-

1144 3007 1265 3060 ces,
1337 3004 1544 3061 easque
1598 2990 1778 3042 tristis
1819 2991 1844 3059 (
1855 3008 2047 3046 severo
2092 3004 2151 3047 et

1140 3076 1385 3130 sollicito
1414 3074 1640 3145 animo)
1664 3075 1723 3128 in
1749 3075 2038 3131 latebrosis
2064 3077 2145 3131 lo-

1142 3163 1222 3217 eis
1264 3160 1669 3227 abscondebat3
1736 3160 1873 3215 hinc
1916 3163 2147 3217 extime-

1140 3249 1333 3302 scebat
1356 3257 1546 3319 pater,
1591 3264 1664 3301 ne
1691 3247 1864 3301 Aulus
1888 3247 2146 3317 aliquan—

1143 3333 1216 3387 do
1257 3333 1554 3406 prodigus,
1624 3331 1888 3387 Tiberius
1946 3349 2147 3387 avarus

1140 3420 1416 3473 extimi-us
1458 3428 1617 3473 esset.

1226 3524 1280 3559 v.
1311 3503 1452 3561 173„
1473 3506 1657 3570 cavis,
1701 3502 1772 3556 de
1814 3503 1955 3556 locis
1984 3518 2144 3559 exea·

1139 3592 1285 3644 vatis
1321 3590 1437 3644 sive
1468 3588 1727 3654 latebris,
1770 3597 1835 3641 ut
1861 3587 1995 3642 infr.
2027 3590 2141 3643 Sat.

1135 3678 1222 3746 11,
1265 3676 1333 3742 6,
1383 3675 1487 3743 81,
1530 3683 1588 3727 et
1629 3672 1803 3743 Epist.
1838 3673 1899 3741 1,
1942 3675 2007 3741 7,
2053 3675 2141 3730 ss.
2253 3716 2262 3723 .

1221 3796 1276 3834 v.
1311 3773 1430 3832 174.
1475 3776 1705 3829 vesania
1748 3776 1992 3845 discors,
2036 3776 2142 3831 ali-

1132 3874 1223 3919 ter
1265 3864 1421 3916 enim
1464 3860 1670 3915 insanit
1691 3862 1990 3931 prodigus,
2037 3862 2140 3917 ali.

1138 3959 1230 4004 ter
1273 3965 1490 4001 avarus.
1973 3936 1980 3945 “

1224 4053 1279 4088 v.
1319 4033 1438 4088 175.
1517 4032 1952 4103 Nomentanum,
2004 4049 2140 4104 vap·

81 4126 200 4190 ces.)
221 4143 275 4180 ,ρ
313 4128 555 4199 pum-flia
594 4145 744 4182 mmc
776 4127 1057 4196 deponere
1138 4137 1272 4192 pam
1315 4127 1375 4171 et
1413 4117 1754 4173 nebulonem
1771 4155 1788 4184 ,
1832 4118 1946 4174 Sat.
1991 4119 2038 4185 1,
2086 4120 2139 4185 1,

80 4205 227 4280 velle,
266 4213 656 4286 significantes.
694 4241 769 4255 —-·
825 4209 1063 4284 Oppidi&
1142 4208 1248 4261 102
1278 4213 1337 4259 et
1365 4201 1482 4260 104.
1527 4202 1790 4276 nepotem
1808 4205 1922 4259 Sat.
1950 4205 2037 4271 11,
2084 4204 2135 4270 1,

1581 4296 1841 4368 L2'
