<?xml version="1.0" encoding="UTF-8"?>
<!DOCTYPE html PUBLIC "-//W3C//DTD XHTML 1.0 Transitional//EN"
    "http://www.w3.org/TR/xhtml1/DTD/xhtml1-transitional.dtd">
<html xmlns="http://www.w3.org/1999/xhtml" xml:lang="en" lang="en">
 <head>
  <title>
</title>
<meta http-equiv="Content-Type" content="text/html;charset=utf-8" />
  <meta name='ocr-system' content='tesseract 3.04.00' />
  <meta name='ocr-capabilities' content='ocr_page ocr_carea ocr_par ocr_line ocrx_word'/>
</head>
<body>
  <div class='ocr_page' id='page_1' title='image "./qhoratiiflaccio08horagoog_0298.png"; bbox 0 0 2682 4858; ppageno 0'>
   <div class='ocr_carea' id='block_1_1' title="bbox 1037 196 2125 293">
    <p class='ocr_par' dir='ltr' id='par_1_1' title="bbox 1037 196 2125 293">
     <span class='ocr_line' id='line_1_1' title="bbox 1037 196 2125 293; baseline 0.004 -31"><span class='ocrx_word' id='word_1_1' title='bbox 1037 200 1130 293; x_wconf 81' lang='lat' dir='ltr'><strong>Q,</strong></span> <span class='ocrx_word' id='word_1_2' title='bbox 1185 196 1660 271; x_wconf 67' lang='lat' dir='ltr'><strong>nonant</strong></span> <span class='ocrx_word' id='word_1_3' title='bbox 1713 198 2125 271; x_wconf 78' lang='lat' dir='ltr'>FLACC1</span> 
     </span>
    </p>
   </div>
   <div class='ocr_carea' id='block_1_2' title="bbox 976 471 2187 702">
    <p class='ocr_par' dir='ltr' id='par_1_2' title="bbox 976 471 2187 702">
     <span class='ocr_line' id='line_1_2' title="bbox 1117 471 2025 552; baseline -0.002 -2"><span class='ocrx_word' id='word_1_4' title='bbox 1117 471 1824 552; x_wconf 86' lang='lat' dir='ltr'><strong>EPISTOLA</strong></span> <span class='ocrx_word' id='word_1_5' title='bbox 1923 472 2025 550; x_wconf 89' lang='lat'><strong>11.</strong></span> 
     </span>
     <span class='ocr_line' id='line_1_3' title="bbox 976 576 2187 702; baseline 0 -1"><span class='ocrx_word' id='word_1_6' title='bbox 976 576 1173 701; x_wconf 72' lang='lat' dir='ltr'><strong>An</strong></span> <span class='ocrx_word' id='word_1_7' title='bbox 1304 586 1500 701; x_wconf 74' lang='lat' dir='ltr'><strong>Lo</strong></span> <span class='ocrx_word' id='word_1_8' title='bbox 1582 638 1633 699; x_wconf 74' lang='grc' dir='ltr'><strong>ι,</strong></span> <span class='ocrx_word' id='word_1_9' title='bbox 1716 638 1766 700; x_wconf 80' lang='lat'><strong>1.</strong></span> <span class='ocrx_word' id='word_1_10' title='bbox 1848 637 1881 700; x_wconf 87' lang='lat'>1</span> <span class='ocrx_word' id='word_1_11' title='bbox 1962 636 2021 697; x_wconf 88' lang='lat' dir='ltr'>v</span> <span class='ocrx_word' id='word_1_12' title='bbox 2102 634 2187 702; x_wconf 85' lang='grc' dir='ltr'><strong>Μ.</strong></span> 
     </span>
    </p>
   </div>
   <div class='ocr_carea' id='block_1_3' title="bbox 538 808 2607 1173">
    <p class='ocr_par' dir='ltr' id='par_1_3' title="bbox 538 808 2584 1173">
     <span class='ocr_line' id='line_1_4' title="bbox 538 808 2243 924; baseline -0.006 -18"><span class='ocrx_word' id='word_1_13' title='bbox 538 808 862 907; x_wconf 85' lang='lat' dir='ltr'><strong>Troiani</strong></span> <span class='ocrx_word' id='word_1_14' title='bbox 897 826 1074 901; x_wconf 86' lang='lat' dir='ltr'><strong>belli</strong></span> <span class='ocrx_word' id='word_1_15' title='bbox 1121 827 1593 924; x_wconf 76' lang='lat' dir='ltr'><strong>scriptorem,</strong></span> <span class='ocrx_word' id='word_1_16' title='bbox 1646 825 1955 901; x_wconf 81' lang='lat' dir='ltr'><strong>maxime</strong></span> <span class='ocrx_word' id='word_1_17' title='bbox 2005 823 2243 917; x_wconf 89' lang='lat' dir='ltr'><strong>Lolli,</strong></span> 
     </span>
     <span class='ocr_line' id='line_1_5' title="bbox 539 941 2423 1047; baseline -0.006 -20"><span class='ocrx_word' id='word_1_18' title='bbox 539 953 743 1028; x_wconf 87' lang='lat' dir='ltr'><strong>Dum</strong></span> <span class='ocrx_word' id='word_1_19' title='bbox 795 972 877 1024; x_wconf 86' lang='lat' dir='ltr'><strong>tu</strong></span> <span class='ocrx_word' id='word_1_20' title='bbox 936 947 1293 1022; x_wconf 81' lang='lat' dir='ltr'>declamas</span> <span class='ocrx_word' id='word_1_21' title='bbox 1344 949 1661 1041; x_wconf 88' lang='lat' dir='ltr'><strong>Romae,</strong></span> <span class='ocrx_word' id='word_1_22' title='bbox 1714 946 2106 1019; x_wconf 76' lang='lat' dir='ltr'><strong>Praeneste</strong></span> <span class='ocrx_word' id='word_1_23' title='bbox 2158 941 2423 1047; x_wconf 82' lang='lat' dir='ltr'><strong>relegi3</strong></span> 
     </span>
     <span class='ocr_line' id='line_1_6' title="bbox 545 1063 2607 1173; baseline -0.004 -27"><span class='ocrx_word' id='word_1_24' title='bbox 545 1073 733 1165; x_wconf 87' lang='lat' dir='ltr'><strong>Qui,</strong></span> <span class='ocrx_word' id='word_1_25' title='bbox 805 1067 989 1173; x_wconf 85' lang='lat' dir='ltr'><strong>quid</strong></span> <span class='ocrx_word' id='word_1_26' title='bbox 1038 1068 1131 1142; x_wconf 89' lang='lat' dir='ltr'><strong>sit</strong></span> <span class='ocrx_word' id='word_1_27' title='bbox 1178 1066 1621 1169; x_wconf 84' lang='lat' dir='ltr'><strong>pulchrum,</strong></span> <span class='ocrx_word' id='word_1_28' title='bbox 1683 1064 1864 1169; x_wconf 86' lang='lat' dir='ltr'><strong>quid</strong></span> <span class='ocrx_word' id='word_1_29' title='bbox 1918 1087 2173 1165; x_wconf 83' lang='lat' dir='ltr'><strong>turpe,</strong></span> <span class='ocrx_word' id='word_1_30' title='bbox 2247 1063 2433 1166; x_wconf 88' lang='lat' dir='ltr'><strong>quid</strong></span> <span class='ocrx_word' id='word_1_31' title='bbox 2482 1063 2607 1141; x_wconf 81' lang='lat' dir='ltr'><strong>uti·</strong></span> 
     </span>
    </p>
   </div>
   <div class='ocr_carea' id='block_1_4' title="bbox 541 1303 2652 1408">
    <p class='ocr_par' dir='ltr' id='par_1_4' title="bbox 541 1303 2652 1408">
     <span class='ocr_line' id='line_1_7' title="bbox 541 1303 2652 1408; baseline -0.002 -22"><span class='ocrx_word' id='word_1_32' title='bbox 541 1306 837 1386; x_wconf 77' lang='lat' dir='ltr'><strong>Planius</strong></span> <span class='ocrx_word' id='word_1_33' title='bbox 888 1336 977 1384; x_wconf 79' lang='lat' dir='ltr'><strong>ae</strong></span> <span class='ocrx_word' id='word_1_34' title='bbox 1025 1306 1285 1387; x_wconf 76' lang='lat' dir='ltr'><strong>melius</strong></span> <span class='ocrx_word' id='word_1_35' title='bbox 1335 1303 1747 1408; x_wconf 76' lang='lat' dir='ltr'><strong>Chrysippo</strong></span> <span class='ocrx_word' id='word_1_36' title='bbox 1802 1327 1877 1380; x_wconf 86' lang='lat' dir='ltr'><strong>et</strong></span> <span class='ocrx_word' id='word_1_37' title='bbox 1929 1306 2286 1381; x_wconf 82' lang='lat' dir='ltr'><strong>Crantore</strong></span> <span class='ocrx_word' id='word_1_38' title='bbox 2339 1304 2537 1381; x_wconf 79' lang='lat' dir='ltr'><strong>dicit.</strong></span> <span class='ocrx_word' id='word_1_39' title='bbox 2650 1368 2652 1371; x_wconf 85' lang='lat'><strong>.</strong></span> 
     </span>
    </p>
   </div>
   <div class='ocr_carea' id='block_1_5' title="bbox 1871 1185 2448 1287">
    <p class='ocr_par' dir='ltr' id='par_1_5' title="bbox 1871 1185 2448 1287">
     <span class='ocr_line' id='line_1_8' title="bbox 1871 1185 2448 1287; baseline -0.003 -28"><span class='ocrx_word' id='word_1_40' title='bbox 1871 1187 1942 1259; x_wconf 88' lang='lat' dir='ltr'><strong>le</strong></span> <span class='ocrx_word' id='word_1_41' title='bbox 1961 1241 1983 1279; x_wconf 91' lang='lat'><strong>,</strong></span> <span class='ocrx_word' id='word_1_42' title='bbox 2033 1185 2217 1287; x_wconf 88' lang='lat' dir='ltr'><strong>quid</strong></span> <span class='ocrx_word' id='word_1_43' title='bbox 2265 1212 2448 1278; x_wconf 87' lang='lat' dir='ltr'><strong>non,</strong></span> 
     </span>
    </p>
   </div>
   <div class='ocr_carea' id='block_1_6' title="bbox 545 1425 2605 1653">
    <p class='ocr_par' dir='ltr' id='par_1_6' title="bbox 545 1425 2605 1653">
     <span class='ocr_line' id='line_1_9' title="bbox 547 1425 2605 1527; baseline -0 -23"><span class='ocrx_word' id='word_1_44' title='bbox 547 1431 702 1504; x_wconf 87' lang='lat' dir='ltr'><strong>Cur</strong></span> <span class='ocrx_word' id='word_1_45' title='bbox 756 1430 851 1503; x_wconf 86' lang='lat' dir='ltr'><strong>ita</strong></span> <span class='ocrx_word' id='word_1_46' title='bbox 902 1428 1381 1520; x_wconf 81' lang='lat' dir='ltr'><strong>crediderim,</strong></span> <span class='ocrx_word' id='word_1_47' title='bbox 1434 1426 1574 1503; x_wconf 80' lang='lat' dir='ltr'><strong>nisi</strong></span> <span class='ocrx_word' id='word_1_48' title='bbox 1624 1425 1813 1527; x_wconf 87' lang='lat' dir='ltr'><strong>quid</strong></span> <span class='ocrx_word' id='word_1_49' title='bbox 1864 1446 1934 1501; x_wconf 86' lang='lat' dir='ltr'><strong>te</strong></span> <span class='ocrx_word' id='word_1_50' title='bbox 1989 1426 2304 1521; x_wconf 78' lang='lat' dir='ltr'><strong>detinet,</strong></span> <span class='ocrx_word' id='word_1_51' title='bbox 2353 1425 2605 1503; x_wconf 63' lang='lat' dir='ltr'><strong>audis</strong></span> 
     </span>
     <span class='ocr_line' id='line_1_10' title="bbox 545 1548 2508 1653; baseline -0.003 -25"><span class='ocrx_word' id='word_1_52' title='bbox 545 1549 858 1647; x_wconf 84' lang='lat' dir='ltr'><strong>Fabula,</strong></span> <span class='ocrx_word' id='word_1_53' title='bbox 906 1577 1050 1653; x_wconf 82' lang='lat' dir='ltr'><strong>qua</strong></span> <span class='ocrx_word' id='word_1_54' title='bbox 1098 1548 1377 1625; x_wconf 82' lang='lat' dir='ltr'><strong>Paridis</strong></span> <span class='ocrx_word' id='word_1_55' title='bbox 1428 1568 1733 1649; x_wconf 85' lang='lat' dir='ltr'><strong>propter</strong></span> <span class='ocrx_word' id='word_1_56' title='bbox 1793 1569 2126 1624; x_wconf 79' lang='lat' dir='ltr'><strong>narratur</strong></span> <span class='ocrx_word' id='word_1_57' title='bbox 2173 1574 2508 1625; x_wconf 84' lang='lat' dir='ltr'><strong>amorem</strong></span> 
     </span>
    </p>
   </div>
   <div class='ocr_carea' id='block_1_7' title="bbox 673 1826 1411 1968">
    <p class='ocr_par' dir='ltr' id='par_1_7' title="bbox 673 1826 1411 1968">
     <span class='ocr_line' id='line_1_11' title="bbox 760 1826 1325 1885; baseline -0.009 0"><span class='ocrx_word' id='word_1_58' title='bbox 760 1826 1325 1885; x_wconf 78' lang='lat' dir='ltr'><strong>EPISTOLAII.</strong></span> 
     </span>
     <span class='ocr_line' id='line_1_12' title="bbox 673 1915 1411 1968; baseline -0.001 0"><span class='ocrx_word' id='word_1_59' title='bbox 673 1917 807 1968; x_wconf 73' lang='lat' dir='ltr'><strong>Ad</strong></span> <span class='ocrx_word' id='word_1_60' title='bbox 891 1915 1411 1967; x_wconf 82' lang='lat' dir='ltr'><strong>Lollium.</strong></span> 
     </span>
    </p>
   </div>
   <div class='ocr_carea' id='block_1_8' title="bbox 485 2000 1544 2162">
    <p class='ocr_par' dir='ltr' id='par_1_8' title="bbox 485 2000 1544 2162">
     <span class='ocr_line' id='line_1_13' title="bbox 632 2000 1544 2071; baseline -0.009 -12"><span class='ocrx_word' id='word_1_61' title='bbox 632 2005 935 2071; x_wconf 75' lang='lat' dir='ltr'><strong>Postquam</strong></span> <span class='ocrx_word' id='word_1_62' title='bbox 983 2009 1152 2071; x_wconf 84' lang='lat' dir='ltr'><strong>poeta</strong></span> <span class='ocrx_word' id='word_1_63' title='bbox 1191 2000 1339 2052; x_wconf 78' lang='lat' dir='ltr'><strong>vitae</strong></span> <span class='ocrx_word' id='word_1_64' title='bbox 1382 2013 1544 2068; x_wconf 86' lang='lat' dir='ltr'><strong>prae-</strong></span> 
     </span>
     <span class='ocr_line' id='line_1_14' title="bbox 485 2083 1543 2162; baseline -0.011 -15"><span class='ocrx_word' id='word_1_65' title='bbox 485 2144 490 2151; x_wconf 90' lang='grc'>,</span> <span class='ocrx_word' id='word_1_66' title='bbox 549 2099 731 2162; x_wconf 80' lang='lat' dir='ltr'><strong>cepta,</strong></span> <span class='ocrx_word' id='word_1_67' title='bbox 781 2102 925 2159; x_wconf 81' lang='lat' dir='ltr'><strong>quae</strong></span> <span class='ocrx_word' id='word_1_68' title='bbox 967 2086 1025 2138; x_wconf 88' lang='lat' dir='ltr'><strong>in</strong></span> <span class='ocrx_word' id='word_1_69' title='bbox 1067 2088 1317 2139; x_wconf 85' lang='lat' dir='ltr'><strong>Homero</strong></span> <span class='ocrx_word' id='word_1_70' title='bbox 1361 2083 1543 2136; x_wconf 85' lang='lat' dir='ltr'><strong>conti-</strong></span> 
     </span>
    </p>
   </div>
   <div class='ocr_carea' id='block_1_9' title="bbox 493 2169 1541 4036">
    <p class='ocr_par' dir='ltr' id='par_1_9' title="bbox 545 2169 1541 2590">
     <span class='ocr_line' id='line_1_15' title="bbox 546 2169 1541 2243; baseline -0.012 -11"><span class='ocrx_word' id='word_1_71' title='bbox 546 2185 768 2242; x_wconf 84' lang='lat' dir='ltr'><strong>nentur,</strong></span> <span class='ocrx_word' id='word_1_72' title='bbox 807 2170 1063 2243; x_wconf 76' lang='lat' dir='ltr'><strong>planiora</strong></span> <span class='ocrx_word' id='word_1_73' title='bbox 1103 2178 1161 2223; x_wconf 85' lang='lat' dir='ltr'><strong>et</strong></span> <span class='ocrx_word' id='word_1_74' title='bbox 1184 2171 1421 2223; x_wconf 80' lang='lat' dir='ltr'><strong>meliora</strong></span> <span class='ocrx_word' id='word_1_75' title='bbox 1450 2169 1541 2236; x_wconf 68' lang='lat' dir='ltr'><strong>iis,</strong></span> 
     </span>
     <span class='ocr_line' id='line_1_16' title="bbox 545 2256 1540 2336; baseline -0.009 -20"><span class='ocrx_word' id='word_1_76' title='bbox 545 2278 691 2336; x_wconf 79' lang='lat' dir='ltr'><strong>quae</strong></span> <span class='ocrx_word' id='word_1_77' title='bbox 748 2256 1064 2330; x_wconf 79' lang='lat' dir='ltr'><strong>philosophi</strong></span> <span class='ocrx_word' id='word_1_78' title='bbox 1111 2256 1345 2309; x_wconf 82' lang='lat' dir='ltr'><strong>tradunt</strong></span> <span class='ocrx_word' id='word_1_79' title='bbox 1359 2293 1375 2320; x_wconf 88' lang='lat'><strong>,</strong></span> <span class='ocrx_word' id='word_1_80' title='bbox 1424 2270 1540 2309; x_wconf 77' lang='lat' dir='ltr'><strong>esse</strong></span> 
     </span>
     <span class='ocr_line' id='line_1_17' title="bbox 545 2344 1540 2414; baseline -0.01 -12"><span class='ocrx_word' id='word_1_81' title='bbox 545 2345 772 2412; x_wconf 79' lang='lat' dir='ltr'><strong>docuit,</strong></span> <span class='ocrx_word' id='word_1_82' title='bbox 835 2344 953 2414; x_wconf 81' lang='lat' dir='ltr'><strong>ipse</strong></span> <span class='ocrx_word' id='word_1_83' title='bbox 1010 2359 1179 2396; x_wconf 89' lang='lat' dir='ltr'><strong>aurea</strong></span> <span class='ocrx_word' id='word_1_84' title='bbox 1220 2350 1540 2413; x_wconf 85' lang='lat' dir='ltr'><strong>praecepta,</strong></span> 
     </span>
     <span class='ocr_line' id='line_1_18' title="bbox 548 2425 1537 2503; baseline -0.01 -15"><span class='ocrx_word' id='word_1_85' title='bbox 548 2434 623 2488; x_wconf 85' lang='lat' dir='ltr'><strong>ad</strong></span> <span class='ocrx_word' id='word_1_86' title='bbox 697 2449 842 2503; x_wconf 82' lang='lat' dir='ltr'><strong>quae</strong></span> <span class='ocrx_word' id='word_1_87' title='bbox 905 2428 1025 2483; x_wconf 80' lang='lat' dir='ltr'><strong>vita</strong></span> <span class='ocrx_word' id='word_1_88' title='bbox 1096 2427 1388 2500; x_wconf 83' lang='lat' dir='ltr'><strong>dirigenda</strong></span> <span class='ocrx_word' id='word_1_89' title='bbox 1447 2425 1537 2494; x_wconf 81' lang='lat' dir='ltr'><strong>sit,</strong></span> 
     </span>
     <span class='ocr_line' id='line_1_19' title="bbox 545 2514 1390 2590; baseline -0.008 -16"><span class='ocrx_word' id='word_1_90' title='bbox 545 2517 734 2590; x_wconf 69' lang='lat' dir='ltr'><strong>pueris</strong></span> <span class='ocrx_word' id='word_1_91' title='bbox 774 2515 1069 2587; x_wconf 78' lang='lat' dir='ltr'><strong>praecipue</strong></span> <span class='ocrx_word' id='word_1_92' title='bbox 1110 2514 1390 2585; x_wconf 81' lang='lat' dir='ltr'><strong>proponit.</strong></span> 
     </span>
    </p>

    <p class='ocr_par' dir='ltr' id='par_1_10' title="bbox 540 2598 1539 3181">
     <span class='ocr_line' id='line_1_20' title="bbox 632 2598 1539 2658; baseline -0.007 0"><span class='ocrx_word' id='word_1_93' title='bbox 632 2598 877 2658; x_wconf 82' lang='lat' dir='ltr'><strong>v.1-·4.</strong></span> <span class='ocrx_word' id='word_1_94' title='bbox 924 2620 1070 2654; x_wconf 76' lang='lat' dir='ltr'><strong>max.</strong></span> <span class='ocrx_word' id='word_1_95' title='bbox 1104 2600 1254 2653; x_wconf 82' lang='lat' dir='ltr'><strong>Lon.</strong></span> <span class='ocrx_word' id='word_1_96' title='bbox 1290 2628 1364 2639; x_wconf 92' lang='lat'><strong>-—-</strong></span> <span class='ocrx_word' id='word_1_97' title='bbox 1399 2598 1539 2652; x_wconf 87' lang='lat' dir='ltr'><strong>Lol-</strong></span> 
     </span>
     <span class='ocr_line' id='line_1_21' title="bbox 546 2684 1538 2757; baseline -0.005 -14"><span class='ocrx_word' id='word_1_98' title='bbox 546 2690 677 2757; x_wconf 75' lang='lat' dir='ltr'><strong>lius,</strong></span> <span class='ocrx_word' id='word_1_99' title='bbox 720 2690 803 2742; x_wconf 89' lang='grc' dir='ltr'><strong>Μ.</strong></span> <span class='ocrx_word' id='word_1_100' title='bbox 847 2685 1020 2740; x_wconf 86' lang='lat' dir='ltr'><strong>Lollii</strong></span> <span class='ocrx_word' id='word_1_101' title='bbox 1042 2684 1312 2751; x_wconf 78' lang='lat' dir='ltr'><strong>Palicani,</strong></span> <span class='ocrx_word' id='word_1_102' title='bbox 1355 2693 1421 2737; x_wconf 85' lang='lat' dir='ltr'><strong>ut</strong></span> <span class='ocrx_word' id='word_1_103' title='bbox 1452 2685 1538 2738; x_wconf 77' lang='lat' dir='ltr'><strong>vi-</strong></span> 
     </span>
     <span class='ocr_line' id='line_1_22' title="bbox 544 2769 1536 2842; baseline -0.005 -13"><span class='ocrx_word' id='word_1_104' title='bbox 544 2776 727 2842; x_wconf 84' lang='lat' dir='ltr'><strong>detur,</strong></span> <span class='ocrx_word' id='word_1_105' title='bbox 776 2771 1022 2825; x_wconf 71' lang='lat' dir='ltr'><strong>consulis</strong></span> <span class='ocrx_word' id='word_1_106' title='bbox 1060 2788 1194 2823; x_wconf 86' lang='lat' dir='ltr'><strong>cum</strong></span> <span class='ocrx_word' id='word_1_107' title='bbox 1238 2771 1306 2840; x_wconf 84' lang='lat' dir='ltr'><strong>Q.</strong></span> <span class='ocrx_word' id='word_1_108' title='bbox 1347 2769 1536 2824; x_wconf 80' lang='lat' dir='ltr'><strong>Aemi—</strong></span> 
     </span>
     <span class='ocr_line' id='line_1_23' title="bbox 542 2855 1534 2929; baseline -0.003 -16"><span class='ocrx_word' id='word_1_109' title='bbox 542 2860 621 2913; x_wconf 91' lang='lat' dir='ltr'><strong>lio</strong></span> <span class='ocrx_word' id='word_1_110' title='bbox 634 2859 866 2929; x_wconf 86' lang='lat' dir='ltr'><strong>Lepido,</strong></span> <span class='ocrx_word' id='word_1_111' title='bbox 893 2857 1058 2910; x_wconf 76' lang='lat' dir='ltr'><strong>filius.</strong></span> <span class='ocrx_word' id='word_1_112' title='bbox 1079 2887 1151 2896; x_wconf 93' lang='lat'><strong>—-</strong></span> <span class='ocrx_word' id='word_1_113' title='bbox 1172 2855 1423 2920; x_wconf 76' lang='lat' dir='ltr'><strong>maxime,</strong></span> <span class='ocrx_word' id='word_1_114' title='bbox 1455 2873 1534 2910; x_wconf 87' lang='lat' dir='ltr'><strong>sc.</strong></span> 
     </span>
     <span class='ocr_line' id='line_1_24' title="bbox 541 2941 1536 3011; baseline -0.005 -12"><span class='ocrx_word' id='word_1_115' title='bbox 541 2954 700 3011; x_wconf 79' lang='lat' dir='ltr'><strong>natu,</strong></span> <span class='ocrx_word' id='word_1_116' title='bbox 741 2952 805 2997; x_wconf 88' lang='lat' dir='ltr'><strong>ut</strong></span> <span class='ocrx_word' id='word_1_117' title='bbox 843 2952 996 2996; x_wconf 87' lang='lat' dir='ltr'><strong>recte</strong></span> <span class='ocrx_word' id='word_1_118' title='bbox 1040 2942 1316 2994; x_wconf 79' lang='lat' dir='ltr'><strong>Gesnerus</strong></span> <span class='ocrx_word' id='word_1_119' title='bbox 1348 2941 1536 2994; x_wconf 80' lang='lat' dir='ltr'><strong>obser-</strong></span> 
     </span>
     <span class='ocr_line' id='line_1_25' title="bbox 542 3026 1532 3098; baseline -0.005 -13"><span class='ocrx_word' id='word_1_120' title='bbox 542 3041 672 3098; x_wconf 70' lang='lat' dir='ltr'><strong>vat,</strong></span> <span class='ocrx_word' id='word_1_121' title='bbox 715 3046 850 3082; x_wconf 86' lang='lat' dir='ltr'><strong>nam</strong></span> <span class='ocrx_word' id='word_1_122' title='bbox 891 3028 1044 3081; x_wconf 83' lang='lat' dir='ltr'><strong>infra</strong></span> <span class='ocrx_word' id='word_1_123' title='bbox 1085 3028 1148 3080; x_wconf 89' lang='lat' dir='ltr'><strong>in</strong></span> <span class='ocrx_word' id='word_1_124' title='bbox 1174 3026 1421 3096; x_wconf 78' lang='lat' dir='ltr'><strong>Epistola</strong></span> <span class='ocrx_word' id='word_1_125' title='bbox 1448 3027 1532 3080; x_wconf 86' lang='lat'><strong>18.</strong></span> 
     </span>
     <span class='ocr_line' id='line_1_26' title="bbox 540 3111 1534 3181; baseline -0.006 -11"><span class='ocrx_word' id='word_1_126' title='bbox 540 3116 616 3171; x_wconf 86' lang='lat' dir='ltr'><strong>ad</strong></span> <span class='ocrx_word' id='word_1_127' title='bbox 657 3115 898 3170; x_wconf 85' lang='lat' dir='ltr'><strong>eundem</strong></span> <span class='ocrx_word' id='word_1_128' title='bbox 937 3112 1188 3166; x_wconf 87' lang='lat' dir='ltr'><strong>Lollium</strong></span> <span class='ocrx_word' id='word_1_129' title='bbox 1228 3111 1439 3181; x_wconf 76' lang='lat' dir='ltr'><strong>scripta</strong></span> <span class='ocrx_word' id='word_1_130' title='bbox 1480 3130 1534 3165; x_wconf 81' lang='lat' dir='ltr'><strong>v.</strong></span> 
     </span>
    </p>

    <p class='ocr_par' dir='ltr' id='par_1_11' title="bbox 493 3195 1532 3257">
     <span class='ocr_line' id='line_1_27' title="bbox 493 3195 1532 3257; baseline -0.007 0"><span class='ocrx_word' id='word_1_131' title='bbox 493 3215 496 3218; x_wconf 73' lang='grc'>“</span> <span class='ocrx_word' id='word_1_132' title='bbox 541 3201 631 3257; x_wconf 77' lang='lat'><strong>63.</strong></span> <span class='ocrx_word' id='word_1_133' title='bbox 683 3199 876 3255; x_wconf 67' lang='lat' dir='ltr'><strong>fratris</strong></span> <span class='ocrx_word' id='word_1_134' title='bbox 916 3198 1157 3251; x_wconf 76' lang='lat' dir='ltr'><strong>alicuius</strong></span> <span class='ocrx_word' id='word_1_135' title='bbox 1198 3197 1263 3249; x_wconf 86' lang='lat' dir='ltr'><strong>fit</strong></span> <span class='ocrx_word' id='word_1_136' title='bbox 1301 3195 1532 3250; x_wconf 86' lang='lat' dir='ltr'><strong>mentio.</strong></span> 
     </span>
    </p>

    <p class='ocr_par' dir='ltr' id='par_1_12' title="bbox 536 3282 1534 3698">
     <span class='ocr_line' id='line_1_28' title="bbox 624 3282 1534 3349; baseline -0.005 -10"><span class='ocrx_word' id='word_1_137' title='bbox 624 3303 678 3341; x_wconf 77' lang='lat' dir='ltr'><strong>v.</strong></span> <span class='ocrx_word' id='word_1_138' title='bbox 705 3288 756 3341; x_wconf 75' lang='lat'><strong>2.</strong></span> <span class='ocrx_word' id='word_1_139' title='bbox 802 3286 1097 3349; x_wconf 76' lang='lat' dir='ltr'><strong>declamas,</strong></span> <span class='ocrx_word' id='word_1_140' title='bbox 1145 3282 1370 3336; x_wconf 85' lang='lat' dir='ltr'><strong>dicendi</strong></span> <span class='ocrx_word' id='word_1_141' title='bbox 1410 3292 1534 3335; x_wconf 83' lang='lat' dir='ltr'><strong>arte</strong></span> 
     </span>
     <span class='ocr_line' id='line_1_29' title="bbox 539 3369 1533 3433; baseline -0.006 -7"><span class='ocrx_word' id='word_1_142' title='bbox 539 3372 834 3426; x_wconf 55' lang='lat' dir='ltr'><strong>exerceri&amp;</strong></span> <span class='ocrx_word' id='word_1_143' title='bbox 904 3397 990 3411; x_wconf 90' lang='grc'><strong>--</strong></span> <span class='ocrx_word' id='word_1_144' title='bbox 1064 3369 1395 3433; x_wconf 78' lang='lat' dir='ltr'><strong>Praeneste,</strong></span> <span class='ocrx_word' id='word_1_145' title='bbox 1465 3382 1533 3421; x_wconf 78' lang='lat' dir='ltr'><strong>eo</strong></span> 
     </span>
     <span class='ocr_line' id='line_1_30' title="bbox 540 3452 1533 3523; baseline -0.005 -12"><span class='ocrx_word' id='word_1_146' title='bbox 540 3456 695 3511; x_wconf 85' lang='lat' dir='ltr'><strong>enim</strong></span> <span class='ocrx_word' id='word_1_147' title='bbox 737 3454 1000 3511; x_wconf 73' lang='lat' dir='ltr'><strong>Horatius</strong></span> <span class='ocrx_word' id='word_1_148' title='bbox 1038 3454 1301 3506; x_wconf 72' lang='lat' dir='ltr'><strong>secedere</strong></span> <span class='ocrx_word' id='word_1_149' title='bbox 1343 3452 1533 3523; x_wconf 82' lang='lat' dir='ltr'><strong>ibique</strong></span> 
     </span>
     <span class='ocr_line' id='line_1_31' title="bbox 536 3535 1531 3611; baseline -0.006 -14"><span class='ocrx_word' id='word_1_150' title='bbox 536 3543 643 3597; x_wconf 70' lang='lat' dir='ltr'><strong>sibi</strong></span> <span class='ocrx_word' id='word_1_151' title='bbox 698 3542 986 3611; x_wconf 81' lang='lat' dir='ltr'><strong>Musisque</strong></span> <span class='ocrx_word' id='word_1_152' title='bbox 1039 3538 1231 3592; x_wconf 79' lang='lat' dir='ltr'><strong>vivere</strong></span> <span class='ocrx_word' id='word_1_153' title='bbox 1272 3535 1531 3605; x_wconf 77' lang='lat' dir='ltr'><strong>solebat3</strong></span> 
     </span>
     <span class='ocr_line' id='line_1_32' title="bbox 537 3621 1383 3698; baseline -0.004 -17"><span class='ocrx_word' id='word_1_154' title='bbox 537 3627 650 3684; x_wconf 81' lang='lat' dir='ltr'><strong>vid.</strong></span> <span class='ocrx_word' id='word_1_155' title='bbox 693 3644 844 3698; x_wconf 72' lang='lat' dir='ltr'><strong>supr.</strong></span> <span class='ocrx_word' id='word_1_156' title='bbox 890 3625 1000 3680; x_wconf 81' lang='lat' dir='ltr'><strong>Od.</strong></span> <span class='ocrx_word' id='word_1_157' title='bbox 1043 3625 1147 3689; x_wconf 92' lang='lat'><strong>111,</strong></span> <span class='ocrx_word' id='word_1_158' title='bbox 1194 3621 1248 3689; x_wconf 79' lang='lat'><strong>4,</strong></span> <span class='ocrx_word' id='word_1_159' title='bbox 1294 3621 1383 3678; x_wconf 76' lang='lat'><strong>23.</strong></span> 
     </span>
    </p>

    <p class='ocr_par' dir='ltr' id='par_1_13' title="bbox 534 3709 1533 3954">
     <span class='ocr_line' id='line_1_33' title="bbox 622 3709 1533 3784; baseline -0.009 -15"><span class='ocrx_word' id='word_1_160' title='bbox 622 3732 674 3768; x_wconf 78' lang='lat' dir='ltr'><strong>v.</strong></span> <span class='ocrx_word' id='word_1_161' title='bbox 706 3712 761 3768; x_wconf 80' lang='lat'><strong>3.</strong></span> <span class='ocrx_word' id='word_1_162' title='bbox 804 3711 940 3784; x_wconf 78' lang='lat' dir='ltr'><strong>quid</strong></span> <span class='ocrx_word' id='word_1_163' title='bbox 964 3711 1037 3762; x_wconf 71' lang='lat' dir='ltr'><strong>sit</strong></span> <span class='ocrx_word' id='word_1_164' title='bbox 1065 3710 1360 3780; x_wconf 78' lang='lat' dir='ltr'><strong>pulchrum</strong></span> <span class='ocrx_word' id='word_1_165' title='bbox 1400 3709 1533 3774; x_wconf 73' lang='grc' dir='ltr'><strong><em>(κα-</em></strong></span> 
     </span>
     <span class='ocr_line' id='line_1_34' title="bbox 534 3788 1530 3865; baseline -0.002 -17"><span class='ocrx_word' id='word_1_166' title='bbox 534 3788 682 3864; x_wconf 71' lang='grc' dir='ltr'>λόν),</span> <span class='ocrx_word' id='word_1_167' title='bbox 708 3797 1038 3863; x_wconf 71' lang='lat' dir='ltr'><strong>honestum3</strong></span> <span class='ocrx_word' id='word_1_168' title='bbox 1057 3825 1126 3835; x_wconf 92' lang='lat'><strong>—</strong></span> <span class='ocrx_word' id='word_1_169' title='bbox 1155 3808 1332 3865; x_wconf 78' lang='lat' dir='ltr'><strong>turpe,</strong></span> <span class='ocrx_word' id='word_1_170' title='bbox 1377 3795 1530 3862; x_wconf 76' lang='lat' dir='ltr'><strong>utile,</strong></span> 
     </span>
     <span class='ocr_line' id='line_1_35' title="bbox 535 3879 1526 3954; baseline 0 -19"><span class='ocrx_word' id='word_1_171' title='bbox 535 3880 605 3935; x_wconf 86' lang='lat' dir='ltr'><strong>de</strong></span> <span class='ocrx_word' id='word_1_172' title='bbox 630 3880 832 3953; x_wconf 73' lang='lat' dir='ltr'><strong>quibus</strong></span> <span class='ocrx_word' id='word_1_173' title='bbox 878 3882 1166 3954; x_wconf 73' lang='lat' dir='ltr'><strong>disputant</strong></span> <span class='ocrx_word' id='word_1_174' title='bbox 1192 3879 1526 3951; x_wconf 76' lang='lat' dir='ltr'><strong>philosophi.</strong></span> 
     </span>
    </p>

    <p class='ocr_par' dir='ltr' id='par_1_14' title="bbox 619 3964 1527 4036">
     <span class='ocr_line' id='line_1_36' title="bbox 619 3964 1527 4036; baseline -0.003 -16"><span class='ocrx_word' id='word_1_175' title='bbox 619 3984 673 4021; x_wconf 76' lang='lat' dir='ltr'><strong>v.</strong></span> <span class='ocrx_word' id='word_1_176' title='bbox 698 3964 750 4021; x_wconf 84' lang='lat'><strong>4.</strong></span> <span class='ocrx_word' id='word_1_177' title='bbox 786 3969 1054 4035; x_wconf 74' lang='lat' dir='ltr'><strong>Planius,</strong></span> <span class='ocrx_word' id='word_1_178' title='bbox 1078 3966 1291 4024; x_wconf 86' lang='lat' dir='ltr'><strong>maiore</strong></span> <span class='ocrx_word' id='word_1_179' title='bbox 1312 3965 1527 4036; x_wconf 76' lang='lat' dir='ltr'><strong>perspi-</strong></span> 
     </span>
    </p>
   </div>
   <div class='ocr_carea' id='block_1_10' title="bbox 1609 1826 2617 3958">
    <p class='ocr_par' dir='ltr' id='par_1_15' title="bbox 1622 1826 2607 1985">
     <span class='ocr_line' id='line_1_37' title="bbox 1628 1826 2607 1901; baseline 0.001 -22"><span class='ocrx_word' id='word_1_180' title='bbox 1628 1838 1765 1897; x_wconf 75' lang='lat' dir='ltr'><strong>tore,</strong></span> <span class='ocrx_word' id='word_1_181' title='bbox 1808 1826 2140 1883; x_wconf 73' lang='lat' dir='ltr'><strong>Xenocratis</strong></span> <span class='ocrx_word' id='word_1_182' title='bbox 2174 1826 2480 1901; x_wconf 79' lang='lat' dir='ltr'><strong>discipulo,</strong></span> <span class='ocrx_word' id='word_1_183' title='bbox 2524 1846 2607 1882; x_wconf 85' lang='lat' dir='ltr'><strong>no-</strong></span> 
     </span>
     <span class='ocr_line' id='line_1_38' title="bbox 1622 1913 2516 1985; baseline 0.002 -19"><span class='ocrx_word' id='word_1_184' title='bbox 1622 1913 1730 1967; x_wconf 83' lang='lat' dir='ltr'><strong>bili</strong></span> <span class='ocrx_word' id='word_1_185' title='bbox 1773 1915 2099 1985; x_wconf 85' lang='lat' dir='ltr'><strong>philosopho</strong></span> <span class='ocrx_word' id='word_1_186' title='bbox 2146 1915 2516 1969; x_wconf 85' lang='lat' dir='ltr'><strong>Academico.</strong></span> 
     </span>
    </p>

    <p class='ocr_par' dir='ltr' id='par_1_16' title="bbox 1616 1998 2615 2928">
     <span class='ocr_line' id='line_1_39' title="bbox 1709 1998 2609 2070; baseline 0.002 -18"><span class='ocrx_word' id='word_1_187' title='bbox 1709 2018 1762 2054; x_wconf 81' lang='lat' dir='ltr'><strong>v.</strong></span> <span class='ocrx_word' id='word_1_188' title='bbox 1785 1998 1819 2052; x_wconf 90' lang='lat'><strong>6</strong></span> <span class='ocrx_word' id='word_1_189' title='bbox 1848 2009 1978 2053; x_wconf 83' lang='lat' dir='ltr'><strong>cett.</strong></span> <span class='ocrx_word' id='word_1_190' title='bbox 2021 2000 2110 2067; x_wconf 76' lang='lat' dir='ltr'><strong>Iis,</strong></span> <span class='ocrx_word' id='word_1_191' title='bbox 2152 2018 2298 2070; x_wconf 87' lang='lat' dir='ltr'><strong>quae</strong></span> <span class='ocrx_word' id='word_1_192' title='bbox 2341 2019 2503 2056; x_wconf 73' lang='lat' dir='ltr'><strong>nunc</strong></span> <span class='ocrx_word' id='word_1_193' title='bbox 2539 2016 2609 2054; x_wconf 75' lang='lat' dir='ltr'><strong>se·</strong></span> 
     </span>
     <span class='ocr_line' id='line_1_40' title="bbox 1622 2086 2609 2157; baseline 0.001 -20"><span class='ocrx_word' id='word_1_194' title='bbox 1622 2095 1901 2157; x_wconf 86' lang='lat' dir='ltr'><strong>quuntur,</strong></span> <span class='ocrx_word' id='word_1_195' title='bbox 1943 2086 2179 2156; x_wconf 85' lang='lat' dir='ltr'><strong>pulchre</strong></span> <span class='ocrx_word' id='word_1_196' title='bbox 2221 2086 2499 2141; x_wconf 77' lang='lat' dir='ltr'><strong>Horatius</strong></span> <span class='ocrx_word' id='word_1_197' title='bbox 2535 2102 2609 2138; x_wconf 76' lang='lat' dir='ltr'><strong>ex·</strong></span> 
     </span>
     <span class='ocr_line' id='line_1_41' title="bbox 1621 2171 2615 2228; baseline 0.004 -6"><span class='ocrx_word' id='word_1_198' title='bbox 1621 2171 1846 2224; x_wconf 80' lang='lat' dir='ltr'><strong>ornavit</strong></span> <span class='ocrx_word' id='word_1_199' title='bbox 1886 2171 2225 2225; x_wconf 83' lang='lat' dir='ltr'><strong>sententiam</strong></span> <span class='ocrx_word' id='word_1_200' title='bbox 2268 2173 2455 2228; x_wconf 80' lang='lat' dir='ltr'><strong>hane:</strong></span> <span class='ocrx_word' id='word_1_201' title='bbox 2512 2173 2615 2226; x_wconf 76' lang='lat' dir='ltr'><strong>Ho-</strong></span> 
     </span>
     <span class='ocr_line' id='line_1_42' title="bbox 1622 2257 2611 2327; baseline 0.003 -19"><span class='ocrx_word' id='word_1_202' title='bbox 1622 2273 1816 2309; x_wconf 78' lang='lat' dir='ltr'><strong>merus</strong></span> <span class='ocrx_word' id='word_1_203' title='bbox 1856 2258 2126 2327; x_wconf 84' lang='lat' dir='ltr'><strong>exemplis</strong></span> <span class='ocrx_word' id='word_1_204' title='bbox 2164 2266 2289 2310; x_wconf 80' lang='lat' dir='ltr'><strong>tam</strong></span> <span class='ocrx_word' id='word_1_205' title='bbox 2330 2257 2611 2321; x_wconf 70' lang='lat' dir='ltr'><strong>stultitiae,</strong></span> 
     </span>
     <span class='ocr_line' id='line_1_43' title="bbox 1619 2342 2613 2415; baseline 0.001 -20"><span class='ocrx_word' id='word_1_206' title='bbox 1619 2342 1868 2407; x_wconf 73' lang='lat' dir='ltr'><strong>sceleris,</strong></span> <span class='ocrx_word' id='word_1_207' title='bbox 1913 2343 2161 2395; x_wconf 75' lang='lat' dir='ltr'><strong>lihidinis</strong></span> <span class='ocrx_word' id='word_1_208' title='bbox 2191 2352 2249 2396; x_wconf 86' lang='lat' dir='ltr'><strong>et</strong></span> <span class='ocrx_word' id='word_1_209' title='bbox 2274 2342 2425 2409; x_wconf 79' lang='lat' dir='ltr'><strong>irae,</strong></span> <span class='ocrx_word' id='word_1_210' title='bbox 2458 2356 2613 2415; x_wconf 71' lang='lat' dir='ltr'><strong>quam</strong></span> 
     </span>
     <span class='ocr_line' id='line_1_44' title="bbox 1619 2428 2613 2499; baseline 0 -19"><span class='ocrx_word' id='word_1_211' title='bbox 1619 2428 1971 2498; x_wconf 84' lang='lat' dir='ltr'><strong>prudentiae,</strong></span> <span class='ocrx_word' id='word_1_212' title='bbox 2014 2428 2259 2499; x_wconf 79' lang='lat' dir='ltr'><strong>pietatis,</strong></span> <span class='ocrx_word' id='word_1_213' title='bbox 2303 2431 2541 2483; x_wconf 74' lang='lat' dir='ltr'><strong>virtutis</strong></span> <span class='ocrx_word' id='word_1_214' title='bbox 2566 2437 2613 2480; x_wconf 84' lang='lat' dir='ltr'><strong>et</strong></span> 
     </span>
     <span class='ocr_line' id='line_1_45' title="bbox 1620 2514 2615 2586; baseline 0.004 -21"><span class='ocrx_word' id='word_1_215' title='bbox 1620 2514 2002 2568; x_wconf 84' lang='lat' dir='ltr'><strong>continentiae</strong></span> <span class='ocrx_word' id='word_1_216' title='bbox 2042 2514 2273 2586; x_wconf 81' lang='lat' dir='ltr'><strong>egregie</strong></span> <span class='ocrx_word' id='word_1_217' title='bbox 2318 2515 2615 2569; x_wconf 77' lang='lat' dir='ltr'><strong>adumhn-</strong></span> 
     </span>
     <span class='ocr_line' id='line_1_46' title="bbox 1619 2599 2613 2671; baseline 0.003 -20"><span class='ocrx_word' id='word_1_218' title='bbox 1619 2599 1709 2666; x_wconf 74' lang='lat' dir='ltr'><strong>tis,</strong></span> <span class='ocrx_word' id='word_1_219' title='bbox 1755 2609 1812 2652; x_wconf 90' lang='lat' dir='ltr'><strong>et</strong></span> <span class='ocrx_word' id='word_1_220' title='bbox 1854 2610 1984 2653; x_wconf 89' lang='lat' dir='ltr'><strong>ante</strong></span> <span class='ocrx_word' id='word_1_221' title='bbox 2025 2601 2220 2654; x_wconf 75' lang='lat' dir='ltr'><strong>oculos</strong></span> <span class='ocrx_word' id='word_1_222' title='bbox 2246 2603 2471 2671; x_wconf 65' lang='lat' dir='ltr'><strong>positis,</strong></span> <span class='ocrx_word' id='word_1_223' title='bbox 2502 2600 2613 2670; x_wconf 68' lang='lat' dir='ltr'><strong>pla·</strong></span> 
     </span>
     <span class='ocr_line' id='line_1_47' title="bbox 1619 2685 2611 2757; baseline 0.004 -21"><span class='ocrx_word' id='word_1_224' title='bbox 1619 2685 1746 2737; x_wconf 84' lang='lat' dir='ltr'><strong>nius</strong></span> <span class='ocrx_word' id='word_1_225' title='bbox 1789 2694 1847 2737; x_wconf 88' lang='lat' dir='ltr'><strong>et</strong></span> <span class='ocrx_word' id='word_1_226' title='bbox 1886 2686 2108 2754; x_wconf 82' lang='lat' dir='ltr'><strong>melius,</strong></span> <span class='ocrx_word' id='word_1_227' title='bbox 2155 2703 2329 2757; x_wconf 84' lang='lat' dir='ltr'><strong>quam</strong></span> <span class='ocrx_word' id='word_1_228' title='bbox 2373 2687 2611 2757; x_wconf 73' lang='lat' dir='ltr'><strong>philoco-</strong></span> 
     </span>
     <span class='ocr_line' id='line_1_48' title="bbox 1618 2770 2615 2845; baseline 0.004 -24"><span class='ocrx_word' id='word_1_229' title='bbox 1618 2770 1740 2838; x_wconf 86' lang='lat' dir='ltr'><strong>phi,</strong></span> <span class='ocrx_word' id='word_1_230' title='bbox 1786 2772 1920 2841; x_wconf 78' lang='lat' dir='ltr'><strong>quid</strong></span> <span class='ocrx_word' id='word_1_231' title='bbox 1980 2773 2057 2823; x_wconf 79' lang='lat' dir='ltr'><strong>sit</strong></span> <span class='ocrx_word' id='word_1_232' title='bbox 2098 2773 2435 2842; x_wconf 78' lang='lat' dir='ltr'><strong>pulchrum,</strong></span> <span class='ocrx_word' id='word_1_233' title='bbox 2493 2773 2615 2845; x_wconf 69' lang='lat' dir='ltr'><strong>quid</strong></span> 
     </span>
     <span class='ocr_line' id='line_1_49' title="bbox 1616 2855 2441 2928; baseline 0.008 -23"><span class='ocrx_word' id='word_1_234' title='bbox 1616 2866 1796 2924; x_wconf 77' lang='lat' dir='ltr'><strong>turpe,</strong></span> <span class='ocrx_word' id='word_1_235' title='bbox 1843 2858 1978 2928; x_wconf 75' lang='lat' dir='ltr'><strong>quid</strong></span> <span class='ocrx_word' id='word_1_236' title='bbox 2017 2855 2180 2924; x_wconf 79' lang='lat' dir='ltr'><strong>utile,</strong></span> <span class='ocrx_word' id='word_1_237' title='bbox 2221 2858 2441 2912; x_wconf 81' lang='lat' dir='ltr'><strong>docuit.</strong></span> 
     </span>
    </p>

    <p class='ocr_par' dir='ltr' id='par_1_17' title="bbox 1609 2941 2617 3958">
     <span class='ocr_line' id='line_1_50' title="bbox 1704 2941 2614 3013; baseline 0.001 -20"><span class='ocrx_word' id='word_1_238' title='bbox 1704 2958 1756 2994; x_wconf 73' lang='lat' dir='ltr'><strong>v-</strong></span> <span class='ocrx_word' id='word_1_239' title='bbox 1796 2941 1916 2994; x_wconf 86' lang='grc'><strong>6-</strong></span> <span class='ocrx_word' id='word_1_240' title='bbox 1948 2943 1998 2995; x_wconf 89' lang='grc'><strong>8.</strong></span> <span class='ocrx_word' id='word_1_241' title='bbox 2043 2943 2296 3010; x_wconf 81' lang='lat' dir='ltr'><strong>Fabula,</strong></span> <span class='ocrx_word' id='word_1_242' title='bbox 2341 2963 2459 3013; x_wconf 74' lang='lat' dir='ltr'><strong>qna</strong></span> <span class='ocrx_word' id='word_1_243' title='bbox 2494 2952 2614 2998; x_wconf 59' lang='grc' dir='ltr'><strong>ΜΖ.</strong></span> 
     </span>
     <span class='ocr_line' id='line_1_51' title="bbox 1616 3026 2614 3094; baseline 0.001 -16"><span class='ocrx_word' id='word_1_244' title='bbox 1616 3026 1852 3080; x_wconf 82' lang='lat' dir='ltr'><strong>Homeri</strong></span> <span class='ocrx_word' id='word_1_245' title='bbox 1891 3028 2037 3094; x_wconf 79' lang='lat' dir='ltr'><strong>Ilias,</strong></span> <span class='ocrx_word' id='word_1_246' title='bbox 2063 3028 2160 3081; x_wconf 84' lang='lat' dir='ltr'><strong>uhi</strong></span> <span class='ocrx_word' id='word_1_247' title='bbox 2202 3028 2432 3083; x_wconf 66' lang='lat' dir='ltr'><strong>insertis</strong></span> <span class='ocrx_word' id='word_1_248' title='bbox 2458 3030 2614 3083; x_wconf 74' lang='lat' dir='ltr'><strong>fabu-</strong></span> 
     </span>
     <span class='ocr_line' id='line_1_52' title="bbox 1614 3110 2614 3186; baseline 0.007 -24"><span class='ocrx_word' id='word_1_249' title='bbox 1614 3110 1685 3164; x_wconf 76' lang='lat' dir='ltr'><strong>lis</strong></span> <span class='ocrx_word' id='word_1_250' title='bbox 1738 3123 2033 3167; x_wconf 85' lang='lat' dir='ltr'><strong>enarratur</strong></span> <span class='ocrx_word' id='word_1_251' title='bbox 2098 3113 2317 3167; x_wconf 83' lang='lat' dir='ltr'><strong>bellum</strong></span> <span class='ocrx_word' id='word_1_252' title='bbox 2388 3125 2614 3186; x_wconf 77' lang='lat' dir='ltr'><strong>proptet</strong></span> 
     </span>
     <span class='ocr_line' id='line_1_53' title="bbox 1613 3196 2615 3272; baseline 0.004 -23"><span class='ocrx_word' id='word_1_253' title='bbox 1613 3196 1832 3251; x_wconf 81' lang='lat' dir='ltr'><strong>Paridis</strong></span> <span class='ocrx_word' id='word_1_254' title='bbox 1887 3216 2142 3252; x_wconf 85' lang='lat' dir='ltr'><strong>amorem</strong></span> <span class='ocrx_word' id='word_1_255' title='bbox 2209 3197 2332 3252; x_wconf 74' lang='lat' dir='ltr'><strong>sive</strong></span> <span class='ocrx_word' id='word_1_256' title='bbox 2388 3209 2615 3272; x_wconf 73' lang='lat' dir='ltr'><strong>propter</strong></span> 
     </span>
     <span class='ocr_line' id='line_1_54' title="bbox 1614 3282 2617 3356; baseline 0.006 -21"><span class='ocrx_word' id='word_1_257' title='bbox 1614 3282 1869 3337; x_wconf 86' lang='lat' dir='ltr'><strong>Helenae</strong></span> <span class='ocrx_word' id='word_1_258' title='bbox 1910 3293 2139 3356; x_wconf 85' lang='lat' dir='ltr'><strong>raptum</strong></span> <span class='ocrx_word' id='word_1_259' title='bbox 2179 3283 2336 3337; x_wconf 82' lang='lat' dir='ltr'><strong>inter</strong></span> <span class='ocrx_word' id='word_1_260' title='bbox 2361 3287 2617 3341; x_wconf 71' lang='lat' dir='ltr'><strong>Graeco·</strong></span> 
     </span>
     <span class='ocr_line' id='line_1_55' title="bbox 1614 3367 2613 3425; baseline 0.002 -4"><span class='ocrx_word' id='word_1_261' title='bbox 1614 3377 1673 3421; x_wconf 86' lang='lat' dir='ltr'><strong>et</strong></span> <span class='ocrx_word' id='word_1_262' title='bbox 1714 3367 1988 3423; x_wconf 81' lang='lat' dir='ltr'><strong>Troianos</strong></span> <span class='ocrx_word' id='word_1_263' title='bbox 2033 3379 2294 3424; x_wconf 82' lang='lat' dir='ltr'><strong>exortum</strong></span> <span class='ocrx_word' id='word_1_264' title='bbox 2338 3380 2396 3424; x_wconf 79' lang='lat' dir='ltr'><strong>et</strong></span> <span class='ocrx_word' id='word_1_265' title='bbox 2430 3372 2501 3425; x_wconf 77' lang='lat' dir='ltr'><strong>in</strong></span> <span class='ocrx_word' id='word_1_266' title='bbox 2528 3370 2613 3423; x_wconf 73' lang='lat' dir='ltr'><strong>de-</strong></span> 
     </span>
     <span class='ocr_line' id='line_1_56' title="bbox 1614 3457 2617 3528; baseline 0.006 -24"><span class='ocrx_word' id='word_1_267' title='bbox 1614 3468 1739 3506; x_wconf 87' lang='lat' dir='ltr'><strong>cem</strong></span> <span class='ocrx_word' id='word_1_268' title='bbox 1754 3472 1930 3509; x_wconf 73' lang='lat' dir='ltr'><strong>annos</strong></span> <span class='ocrx_word' id='word_1_269' title='bbox 1942 3464 2276 3523; x_wconf 79' lang='lat' dir='ltr'><strong>extractmn,</strong></span> <span class='ocrx_word' id='word_1_270' title='bbox 2304 3464 2435 3510; x_wconf 80' lang='lat' dir='ltr'><strong>tam</strong></span> <span class='ocrx_word' id='word_1_271' title='bbox 2460 3457 2617 3528; x_wconf 75' lang='lat' dir='ltr'><strong>pr&#39;m-</strong></span> 
     </span>
     <span class='ocr_line' id='line_1_57' title="bbox 1611 3529 2617 3613; baseline 0.006 -22"><span class='ocrx_word' id='word_1_272' title='bbox 1611 3529 1837 3609; x_wconf 72' lang='lat' dir='ltr'><strong>ci&#39;pum,</strong></span> <span class='ocrx_word' id='word_1_273' title='bbox 1880 3558 2049 3613; x_wconf 84' lang='lat' dir='ltr'><strong>quam</strong></span> <span class='ocrx_word' id='word_1_274' title='bbox 2090 3542 2443 3611; x_wconf 81' lang='lat' dir='ltr'><strong>populorum</strong></span> <span class='ocrx_word' id='word_1_275' title='bbox 2486 3542 2617 3596; x_wconf 61' lang='lat' dir='ltr'><strong>aul·</strong></span> 
     </span>
     <span class='ocr_line' id='line_1_58' title="bbox 1610 3625 2615 3682; baseline 0.006 -6"><span class='ocrx_word' id='word_1_276' title='bbox 1610 3633 1672 3677; x_wconf 89' lang='lat' dir='ltr'><strong>ta</strong></span> <span class='ocrx_word' id='word_1_277' title='bbox 1731 3626 1968 3679; x_wconf 74' lang='lat' dir='ltr'><strong>consilia</strong></span> <span class='ocrx_word' id='word_1_278' title='bbox 2021 3636 2079 3680; x_wconf 86' lang='lat' dir='ltr'><strong>et</strong></span> <span class='ocrx_word' id='word_1_279' title='bbox 2135 3625 2423 3680; x_wconf 78' lang='lat' dir='ltr'><strong>insaniam</strong></span> <span class='ocrx_word' id='word_1_280' title='bbox 2488 3639 2615 3682; x_wconf 69' lang='lat' dir='ltr'><strong>aute</strong></span> 
     </span>
     <span class='ocr_line' id='line_1_59' title="bbox 1611 3710 2616 3782; baseline 0.003 -20"><span class='ocrx_word' id='word_1_281' title='bbox 1611 3710 1805 3762; x_wconf 75' lang='lat' dir='ltr'><strong>oculos</strong></span> <span class='ocrx_word' id='word_1_282' title='bbox 1860 3711 2038 3782; x_wconf 81' lang='lat' dir='ltr'><strong>ponit.</strong></span> <span class='ocrx_word' id='word_1_283' title='bbox 2088 3737 2181 3753; x_wconf 92' lang='lat'><strong>—-</strong></span> <span class='ocrx_word' id='word_1_284' title='bbox 2239 3713 2535 3767; x_wconf 65' lang='lat' dir='ltr'><strong>Barba-ia</strong></span> <span class='ocrx_word' id='word_1_285' title='bbox 2584 3731 2616 3765; x_wconf 73' lang='grc' dir='ltr'>ι</span> 
     </span>
     <span class='ocr_line' id='line_1_60' title="bbox 1609 3795 2616 3869; baseline 0.005 -22"><span class='ocrx_word' id='word_1_286' title='bbox 1609 3795 1842 3849; x_wconf 67' lang='lat' dir='ltr'><strong>Graecis</strong></span> <span class='ocrx_word' id='word_1_287' title='bbox 1909 3796 2138 3868; x_wconf 73' lang='lat' dir='ltr'><strong>quaevis</strong></span> <span class='ocrx_word' id='word_1_288' title='bbox 2213 3797 2379 3869; x_wconf 80' lang='lat' dir='ltr'><strong>regio</strong></span> <span class='ocrx_word' id='word_1_289' title='bbox 2460 3808 2616 3853; x_wconf 69' lang='lat' dir='ltr'><strong>extra</strong></span> 
     </span>
     <span class='ocr_line' id='line_1_61' title="bbox 1611 3881 2611 3958; baseline 0.005 -25"><span class='ocrx_word' id='word_1_290' title='bbox 1611 3881 1927 3949; x_wconf 81' lang='lat' dir='ltr'><strong>Graeciam,</strong></span> <span class='ocrx_word' id='word_1_291' title='bbox 1976 3891 2035 3937; x_wconf 85' lang='lat' dir='ltr'><strong>et</strong></span> <span class='ocrx_word' id='word_1_292' title='bbox 2076 3899 2111 3935; x_wconf 80' lang='lat' dir='ltr'><strong>a</strong></span> <span class='ocrx_word' id='word_1_293' title='bbox 2136 3883 2413 3938; x_wconf 70' lang='lat' dir='ltr'><strong>Romania</strong></span> <span class='ocrx_word' id='word_1_294' title='bbox 2438 3903 2611 3958; x_wconf 66' lang='lat' dir='ltr'><strong>quae-</strong></span> 
     </span>
    </p>
   </div>
   <div class='ocr_carea' id='block_1_11' title="bbox 525 3965 2652 4214">
    <p class='ocr_par' dir='ltr' id='par_1_18' title="bbox 525 3965 2652 4214">
     <span class='ocr_line' id='line_1_62' title="bbox 1607 3965 2652 4038; baseline 0.009 -20"><span class='ocrx_word' id='word_1_295' title='bbox 1607 3965 1690 4018; x_wconf 78' lang='lat' dir='ltr'><strong>vis</strong></span> <span class='ocrx_word' id='word_1_296' title='bbox 1744 3967 1905 4038; x_wconf 79' lang='lat' dir='ltr'><strong>regio</strong></span> <span class='ocrx_word' id='word_1_297' title='bbox 1977 3978 2136 4021; x_wconf 80' lang='lat' dir='ltr'><strong>extra</strong></span> <span class='ocrx_word' id='word_1_298' title='bbox 2196 3968 2434 4023; x_wconf 73' lang='lat' dir='ltr'><strong>Italiam</strong></span> <span class='ocrx_word' id='word_1_299' title='bbox 2489 3972 2616 4034; x_wconf 67' lang='lat' dir='ltr'><strong>sita,</strong></span> <span class='ocrx_word' id='word_1_300' title='bbox 2650 3999 2652 4004; x_wconf 96' lang='lat'>·</span> 
     </span>
     <span class='ocr_line' id='line_1_63' title="bbox 530 4050 2617 4125; baseline 0.002 -21"><span class='ocrx_word' id='word_1_301' title='bbox 530 4052 760 4108; x_wconf 85' lang='lat' dir='ltr'><strong>euitate.</strong></span> <span class='ocrx_word' id='word_1_302' title='bbox 774 4081 860 4093; x_wconf 90' lang='lat'><strong>-—</strong></span> <span class='ocrx_word' id='word_1_303' title='bbox 878 4054 1204 4122; x_wconf 76' lang='lat' dir='ltr'><strong>Chrysippo,</strong></span> <span class='ocrx_word' id='word_1_304' title='bbox 1232 4051 1301 4105; x_wconf 88' lang='lat' dir='ltr'><strong>de</strong></span> <span class='ocrx_word' id='word_1_305' title='bbox 1315 4067 1382 4106; x_wconf 86' lang='lat' dir='ltr'><strong>eo</strong></span> <span class='ocrx_word' id='word_1_306' title='bbox 1398 4050 1525 4104; x_wconf 81' lang='lat' dir='ltr'><strong>vide</strong></span> <span class='ocrx_word' id='word_1_307' title='bbox 1604 4050 1946 4105; x_wconf 85' lang='lat' dir='ltr'><strong>nominatim</strong></span> <span class='ocrx_word' id='word_1_308' title='bbox 2009 4053 2256 4124; x_wconf 75' lang='lat' dir='ltr'><strong>Phrygia</strong></span> <span class='ocrx_word' id='word_1_309' title='bbox 2272 4091 2293 4120; x_wconf 82' lang='lat'><strong>,</strong></span> <span class='ocrx_word' id='word_1_310' title='bbox 2352 4057 2617 4125; x_wconf 72' lang='lat' dir='ltr'><strong>appella-</strong></span> 
     </span>
     <span class='ocr_line' id='line_1_64' title="bbox 525 4135 2652 4214; baseline 0.001 -21"><span class='ocrx_word' id='word_1_311' title='bbox 525 4155 697 4211; x_wconf 68' lang='lat' dir='ltr'><strong>nupra</strong></span> <span class='ocrx_word' id='word_1_312' title='bbox 724 4138 795 4192; x_wconf 85' lang='lat' dir='ltr'><strong>ad</strong></span> <span class='ocrx_word' id='word_1_313' title='bbox 808 4140 923 4194; x_wconf 88' lang='lat' dir='ltr'><strong>Sat.</strong></span> <span class='ocrx_word' id='word_1_314' title='bbox 939 4139 985 4205; x_wconf 89' lang='lat'><strong>1,</strong></span> <span class='ocrx_word' id='word_1_315' title='bbox 1003 4136 1059 4204; x_wconf 78' lang='lat'><strong>3,</strong></span> <span class='ocrx_word' id='word_1_316' title='bbox 1095 4137 1214 4191; x_wconf 80' lang='lat'><strong>127.</strong></span> <span class='ocrx_word' id='word_1_317' title='bbox 1236 4163 1325 4180; x_wconf 91' lang='lat'><strong>——</strong></span> <span class='ocrx_word' id='word_1_318' title='bbox 1349 4135 1526 4189; x_wconf 67' lang='lat' dir='ltr'><strong>stan-</strong></span> <span class='ocrx_word' id='word_1_319' title='bbox 1604 4144 1718 4192; x_wconf 82' lang='lat' dir='ltr'><strong>tur.</strong></span> <span class='ocrx_word' id='word_1_320' title='bbox 1733 4137 2034 4192; x_wconf 79' lang='lat' dir='ltr'><strong>——collisa</strong></span> <span class='ocrx_word' id='word_1_321' title='bbox 2056 4140 2288 4210; x_wconf 66' lang='lat' dir='ltr'><strong>gravius</strong></span> <span class='ocrx_word' id='word_1_322' title='bbox 2304 4148 2364 4195; x_wconf 88' lang='lat' dir='ltr'><strong>et</strong></span> <span class='ocrx_word' id='word_1_323' title='bbox 2386 4143 2613 4214; x_wconf 79' lang='lat' dir='ltr'><strong>signifi—</strong></span> <span class='ocrx_word' id='word_1_324' title='bbox 2650 4153 2652 4200; x_wconf 74' lang='grc' dir='ltr'><strong>ς</strong></span> 
     </span>
    </p>
   </div>
   <div class='ocr_carea' id='block_1_12' title="bbox 2645 1182 2657 2224">
    <p class='ocr_par' dir='ltr' id='par_1_19' title="bbox 2645 1182 2657 2224">
     <span class='ocr_line' id='line_1_65' title="bbox 2645 1182 2657 2224; baseline 0 0"><span class='ocrx_word' id='word_1_325' title='bbox 2645 1182 2657 2224; x_wconf 95' lang='lat' dir='ltr'><strong> </strong></span> 
     </span>
    </p>
   </div>
   <div class='ocr_carea' id='block_1_13' title="bbox 2644 2706 2658 3948">
    <p class='ocr_par' dir='ltr' id='par_1_20' title="bbox 2644 2706 2658 3948">
     <span class='ocr_line' id='line_1_66' title="bbox 2644 2706 2658 3948; baseline 0 0"><span class='ocrx_word' id='word_1_326' title='bbox 2644 2706 2658 3948; x_wconf 95' lang='lat' dir='ltr'><strong> </strong></span> 
     </span>
    </p>
   </div>
  </div>
 </body>
</html>
