2682 4858
535 277 1161 350 SATIRARVM
1219 278 1405 345 LIB.
1451 276 1547 362 11,
1601 286 1668 358 4.

2017 293 2143 356 189
2214 238 2229 253 ⁴

123 459 256 533 Post
277 456 506 530 vinum
532 449 939 529 stomacho:
969 479 1196 553 perna
1211 453 1439 558 magis
1457 481 1540 529 ae
1565 454 1788 560 magis
1812 453 2007 531 hillis
2044 456 2138 537 60

122 578 376 677 Flagitat
419 577 802 649 immersus
852 573 1102 670 refici3
1185 576 1372 676 quin
1421 576 1665 650 omnia
1715 577 1937 673 malit,

122 699 562 797 Quaecunque
614 695 1011 769 immundis
1049 696 1348 769 'fervent
1397 696 1602 771 allata
1650 699 1969 799 popinis.

120 815 214 889 Est
257 844 503 917 operae
553 818 875 919 pretium
927 815 1239 916 duplicis
1288 843 1726 916 pernoscere
1775 819 1953 893 iuris

117 937 429 1014 Naturam.
534 939 862 1040 Simplex
915 962 957 1014 e
1009 936 1209 1011 dulci
1263 956 1547 1013 constat
1595 938 1814 1039 olim,

175 1236 220 1273 v.
244 1220 319 1274 fio.
374 1220 532 1275 hillis
559 1250 646 1262 —
675 1219 864 1276 Schol.
899 1216 1057 1291 Cruq.

116 1303 227 1356 hina
260 1309 544 1376 significat
587 1310 901 1361 intestinum
943 1305 1057 1358 sal-

115 1404 225 1458 mm,
259 1393 366 1460 vel,
412 1407 472 1446 ut
516 1394 623 1447 alii
665 1395 894 1456 dicunt,
925 1390 1060 1459 sar-

117 1485 202 1527 tum
254 1479 532 1532 salsitium.
616 1478 1059 1549 Intelligendum

115 1568 175 1610 est
205 1560 333 1615 haud
371 1565 539 1618 dubie
577 1582 753 1635 genus
776 1562 1060 1633 quoddam

114 1643 421 1704 farciminum
489 1652 655 1704 fumo
710 1651 1060 1702 «iuratorum.

113 1729 416 1802 Rectissime,
477 1745 550 1789 ut
589 1735 847 1804 videtur,
892 1734 1064 1787 vertit

119 1813 323 1873 Vossius:
358 1823 746 1875 Knackwurst.

174 1936 219 1973 v.
238 1922 311 1977 61.
349 1925 610 1994 Flagitat
650 1926 937 1976 immersus
977 1939 1063 1975 re·

105 2001 208 2072 fies,
241 2012 568 2078 stomachus,
607 2010 934 2063 fortioribus
962 2025 1063 2078 po-

112 2087 194 2141 tins
227 2094 373 2162 cibis,
418 2113 603 2168 perna
634 2105 691 2148 et
716 2096 896 2159 hillis,
944 2092 1064 2147 vel-

109 2170 265 2231 litatus
313 2190 366 2234 et
414 2183 717 2250 incitatus,
789 2181 1062 2251 languore

109 2259 228 2315 refici
247 2268 386 2336 cupit
401 2288 525 2335 ;--
540 2266 661 2318 imm
670 2286 828 2320 orsus
846 2265 1063 2337 signifi-

110 2356 261 2402 canter
296 2370 426 2422 pro:
511 2352 821 2406 mordendo
865 2351 1063 2403 incita-

110 2437 199 2502 21183
254 2440 577 2494 salsamenta
620 2442 771 2493 enim
813 2438 906 2492 vel
949 2438 1060 2490 cibi

112 2518 199 2571 ⁸⁸12
231 2529 476 2581 macerati
520 2525 810 2593 mordent,
887 2533 1063 2578 urunt

114 2613 156 2656 et
185 2622 410 2683 pungunt
451 2612 838 2677 stomachum,
884 2619 940 2663 et
981 2610 1061 2662 sic

110 2703 277 2749 novum
318 2697 748 2752 incitamentum
775 2697 826 2748 ei
848 2696 1064 2749 immit-

109 2781 233 2844 tunt;
255 2784 340 2852 qui
365 2803 498 2855 pro:
528 2787 809 2835 immor-sus
841 2782 1063 2837 malunt

109 2857 227 2931 legi:
304 2871 360 2921 in
414 2887 652 2936 morsus,
722 2868 1064 2938 elegantiam

108 2943 240 3003 huius
285 2954 391 3008 loci
442 2973 562 3010 non
613 2954 925 3027 percepisse
980 2952 1064 3007 vi·

110 3028 285 3093 denna.

173 3124 306 3179 ἲ-ΕΞ.
328 3130 457 3198 quin
478 3129 663 3181 omnia
683 3129 857 3194 malit,
883 3126 1065 3199 Quae·

110 3218 280 3276 nmque
309 3224 457 3282 cett„
502 3215 558 3268 h.
591 3231 639 3267 e.
667 3215 785 3267 imo
809 3229 1065 3267 marcens

105 3295 376 3352 stomachus
403 3302 589 3352 omnia
612 3300 855 3368 fercula,
899 3318 1066 3370 quae-

107 3390 280 3449 eunque
344 3405 409 3439 ex
477 3387 770 3438 immundis
839 3387 1067 3456 popinis

106 3461 514 3539 allataservent,
558 3474 742 3538 malit,
786 3460 959 3542 'quam
983 3472 1066 3525 la-

105 3554 439 3624 0211081113—
463 3559 646 3611 allata
661 3558 908 3627 ser-vent,
955 3557 1065 3609 ele-

103 3637 290 3701 ssfintius
342 3644 572 3713 servent
637 3661 740 3714 pro
797 3641 1067 3714 ‘vulgari2

107 3718 379 3783 afferuntur
417 3730 723 3796 ferventia,
779 3728 835 3782 h.
879 3747 928 3783 e.
972 3746 1068 3782 va-

104 3814 342 3873 potantia.

171 3897 502 3957 v.63-69.
550 3905 660 3976 Est
701 3921 899 3971 operae
928 3899 1068 3972 ρνὶε.

106 3976 228 4047 dupl·
278 4004 426 4057 pern.
474 3989 581 4044 ίαν.
626 3989 766 4040 Nat.
819 3989 937 4041 iam
984 4005 1069 4041 sa-

103 4062 232 4132 pim
267 4073 349 4127 rei
370 4075 728 4144 coquinariae
750 4075 1070 4128 doctorno-

104 4158 198 4206 πει·
223 4157 290 4212 ad
308 4170 620 4233 praecepta,
668 4176 814 4231 quae
846 4159 915 4213 de
945 4157 1071 4212 iure

104 4234 298 4313 duplic·
335 4247 563 4303 datum
602 4256 717 4317 est,
775 4255 1072 4324 tamquam

1141 1213 1215 1271 ad
1254 1233 1380 1270 rem
1419 1216 1693 1288 gravioris
1720 1219 1999 1274 momenti
2027 1220 2143 1275 ani·

1139 1320 1303 1357 mum
1360 1303 1650 1357 advertere
1707 1304 1864 1358 iubet
1906 1306 2143 1377 discipu-

1141 1388 1293 1453 lum,
1347 1372 1564 1443 dieens:
1639 1393 1742 1443 Est
1785 1409 1981 1459 operae
2021 1411 2144 1461 pre·

1143 1477 1282 1527 tium
1322 1501 1413 1516 ——-
1450 1494 1799 1544 pernoscere,·
1846 1479 2146 1530 Horatium

1143 1561 1201 1613 in
1245 1560 1352 1611 hac
1392 1561 1660 1631 loquendi
1703 1562 1982 1615 formula:
2018 1576 2019 1579 ’
2065 1578 2145 1615 est

1147 1663 1341 1715 operae
1381 1661 1518 1715 pret.
1548 1666 1697 1716 pern.
1726 1647 2006 1715 imitatum
2030 1665 2146 1702 esse

1143 1732 1425 1798 Ennium,
1471 1750 1603 1786 cum
1647 1734 1978 1803 Heindorfio
2010 1752 2147 1787 con-

1142 1816 1375 1870 tendere
1404 1818 1618 1883 nolim3
1663 1828 1857 1889 sponte
1884 1821 2148 1874 Horatius

1145 1904 1208 1956 in
1262 1902 1409 1955 hanc
1462 1896 1751 1975 vulgarem
1803 1905 2149 1960 locutionem

1144 1988 1394 2041 incidere
1436 1997 1693 2058 poterat,
1738 1991 1824 2043 uti
1864 2003 1991 2061 post
2031 1995 2146 2046 Ho-

1143 2074 1357 2127 ratium
1417 2074 1667 2128 Iuvenal.
1716 2078 1818 2139 VI,
1896 2074 2017 2131 474.
2092 2087 2149 2132 et

1146 2160 1295 2211 Pers.
1337 2160 1447 2227 VI,
1514 2159 1566 2213 9.
1654 2160 1836 2212 Aliter
1874 2179 1933 2215 se
1975 2163 2149 2217 habet

1145 2262 1295 2315 supr.
1327 2246 1390 2309 1,
1434 2246 1503 2311 2,
1545 2245 1632 2299 87.
1677 2247 1881 2299 Audire
1913 2261 1990 2300 est
2020 2267 2146 2318 ope-

1146 2349 1242 2383 rae
1297 2332 1563 2400 pretium,
1634 2334 1928 2401 procedere
1986 2349 2148 2405 recte,

1145 2428 1281 2470 nam
1336 2426 1490 2470 totus
1544 2416 1638 2471 hio
1682 2436 1871 2472 versus
1913 2429 1995 2474 est
2035 2422 2150 2474 En-

1144 2503 1258 2569 nii,
1332 2513 1399 2556 ut
1454 2503 1535 2556 ihi
1591 2521 1659 2556 ex
1700 2506 1883 2558 Schol.
1927 2508 2049 2559 Aer.
2094 2517 2152 2561 et

1146 2589 1355 2658 Por-ph.
1399 2588 1675 2643 discimus.
1729 2620 1803 2631 —
1861 2591 2026 2663 Quod
2064 2603 2150 2646 at-

1141 2674 1289 2726 tinet
1312 2673 1383 2727 ad
1419 2674 1853 2745 descriptionem
1882 2680 2017 2730 iuris
2047 2680 2149 2731 du-

1144 2761 1307 2829 plicis
1356 2775 1404 2812 et
1445 2763 1749 2827 simplicis,
1800 2779 1904 2835 ego
1946 2781 2147 2817 maneo

1144 2845 1206 2897 in
1249 2847 1552 2911 sententia,
1628 2864 1830 2916 quam,
1896 2850 2152 2904 nondum

1144 2930 1407 3003 inspectis
1450 2933 1693 2984 aliorum
1733 2934 2154 3004 interpretatio-

1144 3017 1344 3082 nibus,
1433 3016 1502 3068 de
1557 3018 1665 3070 hoc
1720 3019 1845 3071 loco
1895 3038 2153 3091 suscepe-

1145 3120 1288 3158 ram.
1307 3130 1397 3142 —-
1426 3103 1518 3153 Ius
1552 3103 1724 3172 (quod
1752 3106 1900 3175 apud
1925 3124 2026 3160 nos
2052 3125 2153 3177 ap-

1144 3189 1390 3261 pellatur
1432 3190 1645 3255 Brie‘he,
1708 3199 1766 3243 et
1806 3209 1940 3245 voce
1981 3194 2152 3245 Fran-

1149 3275 1423 3346 cogallica
1478 3279 1696 3342 Sauce)
1763 3278 1992 3346 simplex
2045 3287 2147 3342 est,

1147 3361 1299 3434 quod
1326 3369 1542 3414 constat
1572 3379 1603 3413 e
1628 3361 1780 3415 dulci
1821 3363 1987 3430 oliva,
2028 3364 2154 3435 pin-

1148 3448 1246 3521 gui
1273 3464 1462 3511 mern,
1508 3448 1805 3516 muriaque
1831 3449 2153 3518 Byzantina.

1148 3538 1221 3588 At
1264 3535 1369 3585 hoc
1412 3533 1494 3583 ius
1536 3534 1803 3602 simplex,
1847 3534 1946 3586 ubi
1988 3536 2155 3589 sectis

1150 3631 1207 3674 et
1250 3618 1507 3671 admixtis
1570 3618 1907 3690 quibusdam
1964 3621 2155 3677 herbis

1150 3704 1452 3771 inferbuit,
1508 3714 1596 3769 et,
1643 3713 1942 3774 postquam
1984 3723 2154 3760 croco

1149 3807 1512 3861 conspersum
1526 3789 1865 3861 aliquamdiu
1897 3793 2068 3859 stetit,
2098 3802 2157 3847 et

1149 3878 1374 3947 insuper
1415 3874 1669 3928 additum
1710 3884 1793 3928 est
1823 3876 2017 3932 oleum
2049 3882 2156 3932 Ve-

1147 3964 1486 4026 nafranum,
1567 3976 1684 4013 non
1757 3964 2000 4035 amplius
2065 3967 2158 4019 ius

1149 4049 1414 4119 simplex,
1473 4044 1570 4101 sed
1616 4048 1820 4118 duplex
1860 4060 2110 4107 vocatur.

1236 4170 1290 4204 v.
1319 4144 1409 4204 64.
1455 4167 1483 4202 a
1511 4150 1696 4220 dulci,
1739 4152 1796 4210 h.
1829 4170 1878 4212 e.
1906 4163 2152 4222 recente,

1150 4257 1271 4296 non
1307 4234 1561 4293 rancido.
1632 4287 1637 4292 .
