2682 4858
497 202 626 271 198

1003 190 1094 282 Q.
1153 189 1624 271 floRA‘ru
1686 185 2088 271 FLAcct

379 366 404 389 ⁴
495 366 772 459 Nonne
820 362 1026 442 vides
1055 364 1351 466 (aliquis
1396 364 1647 447 cubito
1693 381 2008 443 stantem
2030 385 2267 469 prope
2289 378 2552 469 tangens

496 488 843 591 Inquiet)
871 539 895 582 ‚
945 506 1033 560 ut
1084 487 1394 588 patiens!
1448 504 1536 561 ut
1585 483 1833 567 amicis
1883 483 2130 584 aptus!
2186 504 2271 559 ut
2318 495 2502 564 aceri

498 612 758 688 Plures
807 606 1191 683 armabunt
1243 607 1551 703 thuani,
1574 627 1667 682 ‘et
1718 605 1984 680 cetaria
2036 626 2390 693 crescent,

500 732 584 807 Si
634 730 759 806 cui
807 748 1185 831 praeterea
1235 726 1522 804 validus
1573 727 1765 803 male
1817 726 2013 800 filius
2063 725 2280 827 iure
2483 740 2559 808 45

499 851 886 928 Praeclara
937 849 1264 925 sublatus
1315 850 1586 943 aletur,
1637 874 1736 922 ne
1786 848 2255 923 manifestum

503 971 812 1061 caelibis
864 969 1299 1071 obsequium
1351 968 1589 1053 nudet
1639 968 1752 1064 te,
1804 968 2070 1045 leniter
2122 968 2205 1045 iu
2256 994 2451 1072 spem

504 1089 807 1193 Adrepe
860 1091 1272 1185 officiosus,
1325 1108 1412 1165 ut
1464 1108 1540 1166 et
1588 1089 1925 1165 scribare·
1956 1076 2329 1166 secundus

503 1212 813 1313 Haeres,
867 1234 979 1309 et,
1031 1211 1093 1288 si
1135 1213 1308 1313 quis
1356 1238 1563 1293 casus
1604 1234 1931 1314 ‘puerum
1985 1210 2218 1317 egerit
2246 1212 2484 1313 Ome,

502 1477 868 1545 referendam
909 1495 1029 1537 ense
1048 1517 1065 1546 ,
1109 1494 1224 1533 non
1244 1478 1389 1535 ,sine
1420 1495 1520 1535 ve·

499 1566 687 1619 ritatis
745 1565 932 1636 specie
997 1563 1193 1636 colligi
1234 1582 1392 1636 posse
1432 1567 1518 1620 vi-

502 1651 682 1705 detur.
741 1653 862 1704 Nec
889 1658 1080 1704 tamen
1109 1667 1234 1717 eos,
1274 1652 1375 1723 qui
1401 1653 1517 1705 Ho-

502 1738 714 1790 ratium
769 1735 945 1790 alium
1003 1736 1285 1809 quendam
1343 1737 1518 1791 tumi-

504 1823 658 1877 dum
684 1830 942 1893 poetam,
988 1830 1115 1875 tum
1145 1822 1277 1876 satis
1312 1822 1517 1894 cuique

505 1917 736 1974 notum,
782 1907 843 1960 in
869 1907 1060 1961 animo
1086 1907 1351 1965 habuisse
1381 1927 1514 1997 con-

503 1991 740 2047 tendant
758 2032 776 2061 ,
862 2010 1052 2048 errare
1109 1986 1417 2049 dixerim.
1427 2022 1517 2039 ·-·-

437 2077 450 2085 ’
508 2079 722 2149 Pingui
790 2092 971 2143 tentus
1027 2097 1243 2146 omas-0,
1333 2080 1516 2153 ipsam

504 2164 693 2234 Furii,
737 2165 964 2236 adipem
1005 2183 1140 2236 prae
1175 2183 1235 2220 se
1261 2165 1514 2235 ferentis,

505 2251 758 2322 corporis
799 2252 1044 2325 figuram
1086 2251 1389 2307 ridiculam
1426 2270 1518 2306 ex-

503 2336 667 2393 hibet
706 2339 995 2392 Horatius.
1055 2336 1183 2392 Sch.
1219 2339 1346 2392 Aer.
1404 2340 1519 2392 Fu-

507 2423 623 2477 rius
663 2437 828 2493 poeta
853 2425 1109 2478 immanis
1139 2425 1378 2494 ventris,
1424 2426 1521 2497 qui

507 2511 692 2563 nivem
744 2526 989 2581 spumam
1031 2512 1519 2582 (sputum).Iovis

508 2596 671 2649 dixit.
758 2598 893 2649 Ideo
945 2598 1051 2651 hoc
1095 2598 1216 2650 eius
1256 2614 1522 2666 personae

505 2681 693 2755 dedit,
744 2694 1023 2753 tamquam
1067 2685 1182 2754 ipse
1224 2696 1403 2751 spuat.
1432 2712 1520 2725 --

507 2768 674 2835 Sane,
719 2768 871 2838 quod
885 2769 1150 2822 Horatius
1175 2768 1234 2819 iu
1255 2779 1521 2838 sequente

505 2852 664 2906 Furii
704 2869 870 2909 versu
913 2871 980 2908 ex
1009 2857 1221 2925 Iupiter
1245 2852 1383 2908 fecit
1410 2855 1462 2906 F
1462 2875 1520 2906 u-

508 2938 659 3008 rius,
702 2938 764 2993 iu
806 2939 915 2993 hac
955 2942 1110 2994 Furii
1148 2938 1410 2994 irrisione
1438 2938 1522 2995 vi-

508 3022 676 3096 detur
715 3022 1137 3096 lepidissimum.

592 3128 647 3165 v.
670 3105 757 3166 42.
807 3112 1009 3166 Plures
1039 3110 1326 3168 annabunt
1356 3111 1525 3164 thun-

507 3196 571 3250 m‘
609 3206 742 3251 cett.
799 3197 908 3252 Pro
952 3197 1206 3274 vulgari:
1252 3199 1373 3251 Hac
1403 3207 1525 3251 arte

505 3282 696 3353 plures
750 3282 1021 3336 ditiorum
1072 3301 1268 3337 senum
1312 3282 1519 3354 capies,

508 3377 567 3424 et
607 3367 689 3421 sic
734 3384 823 3422 res
877 3378 1012 3423 tuae
1073 3379 1365 3435 crescent,
1437 3369 1524 3422 di-

507 3453 652 3508 vites
711 3469 872 3508 senes
929 3464 1332 3524 comparantur
1390 3472 1524 3509 cum

509 3539 741 3593 thunnis
757 3578 776 3612 ‚
819 3540 1249 3596 accommodate
1280 3539 1350 3593 ad
1379 3558 1521 3595 vers.

509 3625 621 3694 25„
664 3625 764 3678 ubi
811 3624 1143 3680 divitiarum
1174 3625 1526 3679 insidiatores

512 3721 916 3781 comparantur
974 3730 1110 3767 cum
1152 3711 1397 3783 piscium
1438 3712 1527 3764 in-

513 3795 888 3870 sidiatoribus.
948 3825 1034 3838 -—
1105 3799 1352 3865 cetaria,
1417 3807 1528 3850 sta-

513 3898 658 3953 gna,
698 3880 945 3953 piscinae
989 3883 1272 3950 marinae,
1316 3882 1377 3934 in
1405 3883 1527 3953 qui-

513 3967 618 4023 bus
665 3968 815 4038 capti
859 3970 1037 4040 pisces
1070 3969 1334 4034 aluntur;
1382 3967 1528 4022 unde

504 4053 693 4134 letiam
721 4053 987 4109 dicuntur
1021 4057 1257 4108 vivaria.
1277 4052 1348 4108 cf.
1379 4073 1528 4126 supr.

515 4138 586 4191 ad
629 4136 738 4192 od.
765 4140 852 4209 11,
898 4141 982 4210 15,
1025 4136 1076 4195 4.
1108 4150 1173 4195 'et
1199 4141 1297 4209 111,
1345 4141 1394 4208 1,
1441 4140 1527 4196 33.

1560 1598 1565 1601 =
1601 1565 1839 1619 cillioris
1880 1563 2217 1619 valetudinis
2233 1605 2253 1634 ,

1688 1497 1744 1534 v.
1775 1473 1864 1539 45.
1926 1475 2152 1532 validus
2193 1477 2370 1549 male,
2422 1477 2564 1534 imbe-

2328 1566 2465 1623 malel
2493 1584 2567 1616 va·

1601 1651 1758 1704 lidus
1798 1668 1935 1723 pro:
1995 1650 2308 1721 invalidus,
2363 1660 2424 1706 ut
2454 1651 2565 1704 male

1600 1753 1765 1790 sanus
1805 1754 1909 1808 pro
1930 1754 1945 1789 ι
1988 1738 2238 1791 insanus.

1688 1925 1743 1962 v.
1774 1902 2046 1962 46—-50,
2115 1908 2368 1962 sublatus
2408 1902 2564 1970 aletur,

1600 2004 1886 2065 susceptus
1914 1994 2278 2064 educabitur,
2324 1994 2389 2047 ‘ne
2415 1987 2568 2058 manif.

1605 2081 1812 2135 Caelib.
1859 2081 1969 2132 obs.
2015 2081 2142 2135 med.
2188 2093 2294 2149 te„
2340 2096 2408 2133 ne
2440 2076 2568 2131 nimis

1603 2173 1863 2237 apertum
1879 2201 1896 2232 ‚
1943 2182 2057 2237 quo
2100 2164 2262 2219 vidui
2302 2164 2439 2221 senis
2471 2179 2568 2236 gra-

1603 2253 1747 2305 tiam
1790 2260 1981 2321 captas
1998 2289 2014 2318 ,
2059 2251 2392 2323 obsequium
2416 2250 2569 2317 (nudet
2620 2264 2621 2279 ¹

1605 2339 1693 2406 te)
1722 2346 1907 2390 artem
1933 2347 2091 2390 tuam
2115 2337 2355 2408 prodat3
2387 2352 2569 2388 —caa

1607 2423 1722 2477 lobs
1775 2432 1899 2477 tam
1953 2421 2021 2476 de
2079 2441 2178 2493 eo,
2258 2422 2355 2496 qui
2395 2435 2570 2492 semper

1568 2509 1794 2586 ⁸uxoris
1849 2526 2040 2580 expers
2080 2508 2259 2578 vixit,
2336 2525 2491 2580 quam
2522 2504 2569 2556 de

1605 2611 1705 2663 eo,
1752 2595 1849 2666 qui
1892 2612 2045 2647 nunc
2089 2612 2267 2649 uxore
2311 2604 2485 2661 caret3
2508 2617 2570 2634 ··-·

1606 2681 1841 2747 leniter,
1911 2679 2028 2734 leni
2071 2689 2129 2734 et
2171 2681 2336 2735 molli
2376 2679 2569 2738 ratione,

1568 2799 1571 2802 >
1606 2784 1720 2839 qua
1768 2766 2069 2820 consilium
2096 2766 2347 2838 tegitur,
2389 2779 2571 2835 suspen·

1605 2870 1665 2906 so
1720 2851 1880 2923 quasi
1932 2852 2076 2923 pede
2128 2854 2332 2924 adrepe
2374 2854 2430 2905 in
2465 2863 2573 2919 spem

1607 2939 1902 3008 (adrepere
1961 2940 2024 2991 in
2085 2955 2236 3009 spem
2306 2936 2572 3011 significan·

1606 3033 1696 3078 ter
1742 3023 1812 3077 de
1859 3023 2267 3102 haeredipetis,
2329 3022 2465 3078 unde
2509 3014 2574 3071 illi

1610 3109 1761 3182 apud
1802 3127 1906 3164 nos
1959 3110 2257 3167 dicuntur:
2306 3103 2574 3163 Erbschlei·

1610 3197 1773 3264 cher)
1791 3233 1808 3264 ,
1858 3205 1914 3248 et
1941 3195 2155 3267 assequi
2182 3195 2344 3250 stude
2367 3194 2494 3260 hoc,
2530 3193 2572 3239 1¹2

1610 3284 1729 3350 (et)
1776 3298 1893 3334 non
1915 3282 2100 3336 solum
2124 3281 2399 3336 secundus
2422 3281 2573 3332 haeres

1607 3367 1887 3436 scribaris,
1914 3370 2030 3437 (et)
2049 3367 2148 3421 sed
2175 3368 2365 3434 etiam,
2396 3365 2439 3419 si
2459 3362 2574 3416 forte

1608 3453 1858 3519 accidat,
1936 3462 2001 3506 ut
2057 3454 2210 3507 filius
2263 3453 2417 3526 prius
2452 3454 2575 3521 patre

1609 3540 1915 3610 moriatur,
2001 3540 2393 3594 vacuefactum
2443 3526 2575 3608 primi

1608 3626 1866 3688 haeredis
1922 3624 2120 3680 locum
2173 3641 2438 3697 occupes;
2494 3615 2576 3687 pn'·
2620 3637 2621 3642 ’

1613 3730 1736 3765 mus
1780 3712 1982 3765 haeres
2041 3711 2407 3782 (Vniversal-
2421 3703 2575 3766 Eric)

1612 3798 1676 3851 in
1707 3798 1895 3880 primo
1938 3799 2267 3854 testamenti
2295 3812 2477 3860 versu3
2514 3803 2575 3838 Ν·

1614 3875 1831 3937 candus
1886 3886 2111 3953 haeres,
2179 3883 2463 3946 cohaeres,
2509 3885 2574 3924 ⁰¹²¹

1615 3980 1772 4022 certa
1814 3979 2038 4027 tantum
2083 3968 2440 4025 haereditatis
2464 3972 2576 4016 sum·

1615 4073 1711 4109 ma
1752 4053 2009 4128 legatur,
2066 4058 2127 4111 in
2168 4057 2409 4111 secundo
2447 4051 2574 4101 testa-

1614 4142 1791 4200 menti
1836 4159 2000 4197 versu
2043 4143 2325 4199 scribitur.
2377 4139 2460 4195 sic
2493 4140 2575 4183 ”0¹¹
