2682 4858
464 235 513 278 x
1072 204 1956 275 PRAEFATIO.

465 381 602 456 niis
662 376 1171 457 commendata
1221 404 1345 453 me
1407 399 1800 454 nacturum
1853 405 2008 455 esse
2079 391 2571 480 speraveramg

466 517 596 593 sed
645 517 828 591 haee
879 544 1048 618 spes
1097 545 1219 592 me
1270 515 1549 607 fefellit.
1629 515 1820 592 Nam
1860 536 2150 618 praeter
2189 518 2569 621 ingentem

463 655 943 733 lectionumfe
983 655 1234 730 multis
1284 652 1683 730 Codicihns
1711 653 2247 757 descriptarum
2282 677 2358 731 et
2385 683 2566 733 con-

463 815 824 895 gestarum
868 793 1302 895 farraginem
1349 821 1603 895 pauca,
1657 819 1843 895 quae
1873 792 2163 869 Horatii
2203 792 2563 869 editorem

460 934 712 1010 invare
765 931 1081 1033 possint,
1130 928 1352 1010 habet
1400 916 1522 1006 illa
1574 930 1847 1009 Editio.
1949 932 2110 1010 Nec
2163 959 2431 1034 parum
2477 932 2562 1008 iu

462 1096 549 1147 ea
610 1069 923 1147 offendit
979 1068 1328 1145 acerbitas
1395 1090 1472 1144 et
1535 1069 1974 1171 petulantia,
2032 1097 2180 1172 qua
2230 1075 2399 1147 Fen
2447 1070 2562 1144 in-

458 1211 681 1286 sultat
725 1208 882 1284 fere
928 1213 1315 1303 Bentloio,
1370 1233 1598 1309 quem
1641 1230 1883 1282 tamen
1917 1209 2139 1313 longe
2169 1208 2384 1283 illum
2410 1228 2564 1283 tam

459 1346 841 1423 doctrinae
887 1347 1120 1448 copia,
1175 1372 1398 1449 quam
1443 1345 1894 1422 accuratiore
1943 1346 2210 1422 latinae
2257 1346 2560 1448 linguae

458 1486 756 1563 scientia
810 1512 1195 1588 superare,
1248 1484 1413 1585 quis
1464 1504 1613 1580 est,
1664 1484 1795 1585 qui
1843 1506 1999 1559 non
2048 1483 2454 1589 intelligat?

665 1622 957 1719 Indices
1006 1620 1414 1700 Nominum
1461 1643 1539 1698 et
1587 1621 2009 1699 Verborum
2067 1649 2342 1727 magna
2404 1620 2567 1697 dili-

459 1763 704 1866 gentia
735 1790 856 1838 me
905 1760 1370 1837 moderatore
1412 1762 1901 1837 confecerunt
1942 1781 2096 1836 tres
2127 1763 2234 1836 ad
2263 1761 2558 1836 laudem

462 1900 843 1977 doctrinae
887 1903 1423 1976 efflorescentes
1462 1901 1795 1995 invenes,
1848 1899 2072 1974 Classi
2096 1897 2432 1975 Selectae
2478 1898 2559 1971 in

461 2036 857 2143 Gymnasio
924 2059 1179 2114 nostro
1244 2037 1587 2139 adscripti
1613 2093 1637 2134 ,
1750 2010 2067 2114 Cae-olm
2134 2043 2559 2116 Matthaeus

454 2180 871 2277 Bamberg,
920 2182 1337 2255 Edunt-dus
1356 2179 1763 2253 *Reibstein
1802 2196 1878 2252 et
1914 2181 2160 2251 Iulius
2201 2180 2578 2268 Ρναηοὲς,

456 2316 662 2416 prior
731 2314 1034 2417 quidem
1101 2315 1545 2411 Nominum,
1623 2313 2069 2417 posteriores
2126 2312 2568 2391 Verborum.

384 2518 395 2528 .
454 2453 804 2530 Iudicem.
907 2454 1273 2531 Fecerunt
1322 2478 1567 2531 autem
1613 2455 1791 2530 dicti
1834 2454 2137 2529 iuvenes
2168 2452 2325 2527 iam
2370 2452 2558 2527 eius-

454 2590 662 2667 modi
737 2592 819 2666 in
881 2595 1245 2669 bonarum
1304 2593 1708 2670 litterarum
1774 2592 2030 2668 studiis
2092 2618 2554 2695 progressus,

453 2752 539 2808 ut
584 2758 709 2806 eos
756 2758 889 2807 suo
942 2753 1269 2834 tempore
1319 2732 1578 2808 merita
1623 2734 1839 2808 laude
1885 2750 2180 2807 ornatos
2237 2713 2311 2803 et
2360 2731 2552 2803 rude

457 2868 770 2945 donatos
821 2895 862 2944 e
912 2869 1095 2946 ludo
1165 2891 1419 2947 nostro
1485 2869 1929 2947 discessuros
1989 2893 2141 2942 esse
2193 2895 2349 2944 non
2403 2889 2553 2945 tam

452 3034 854 3110 speremuS,
907 3035 1129 3109 qnam
1182 3006 1660 3088 confidamus.
1856 2980 1860 2984 >

660 3147 1050 3221 Caeterum
1090 3147 1268 3243 noli,
1319 3174 1616 3248 quaeso,
1670 3143 2203 3221 Humanissime
2243 3142 2548 3237 Lector,

453 3304 792 3384 peccata,
859 3285 1126 3387 quibus
1180 3286 1494 3361 obnoxia
1549 3308 1660 3362 est
1707 3286 2023 3360 humana
2071 3283 2552 3378 imbecillitas,

454 3425 687 3497 oculis
719 3420 1029 3525 Lynceis
1061 3422 1325 3520 rimari,
1379 3423 1762 3525 speculari,
1821 3420 2252 3524 investigare
2307 3440 2384 3494 et
2435 3418 2552 3493 in-

447 3561 792 3665 vestigata
864 3582 1106 3635 mente
1176 3527 1425 3665 iniilua
1495 3561 1878 3665 exagitare!
2033 3563 2375 3637 Peccatis
2423 3587 2554 3633 ve·

446 3705 653 3774 niam
675 3706 1025 3799 poscenti
1061 3717 1137 3776 te
1175 3707 1365 3779 dare
1378 3711 1528 3803 sas
1561 3719 1693 3778 est.
1762 3695 2049 3777 Gothae
2081 3727 2141 3774 a.
2168 3697 2239 3769 d.
2270 3722 2404 3773 xx.
2437 3691 2555 3770 Ia-

446 3866 631 3912 nuar
683 3865 1120 3919 mncccxnv.
2301 3815 2316 3820 ἢ

1882 3969 2440 4052 DOERING.
