2682 4858
577 142 1208 215 SATIRARVM
1261 127 1459 211 LIB.
1515 143 1573 226 Ι,
1628 148 1692 212 8.

2082 116 2168 219 ἐς)

108 316 303 395 Nunc
330 315 504 393 licet
527 315 880 418 Exquiliis
907 312 1236 393 habitare
1268 313 1716 411 salubribu83
1768 336 1983 419 atque

110 442 371 545 Aggere
400 439 481 512 in
514 438 760 539 aprico
791 437 1122 537 spatiari,
1189 465 1334 539 qua
1366 436 1593 513 modo
1624 437 1863 513 tristes

2077 451 2166 516 15

110 562 292 634 Albis
325 558 717 634 informem
751 561 1171 658 spectabant
1198 560 1481 635 ossibus
1508 587 1787 663 agrum,

109 683 268 754 Cum
291 677 477 754 mihi
503 706 657 753 non
684 698 973 753 tautum
999 677 1344 780 furesque
1378 679 1723 782 feraeque
1740 736 1763 776 ‚
1816 692 2064 758 suetae

108 804 303 878 Hunc
331 826 588 879 vexare
619 799 913 894 locum,
967 825 1185 875 curae
1217 822 1427 897 suut,
1479 822 1699 902 atque
1725 801 1984 900 labori,

105 924 501 1019 Quantum,
561 917 1002 999 carminibus
1033 945 1217 1025 quae
1246 943 1535 999 versant
1570 944 1789 1028 atque
1819 926 2118 1003 venenis

105 1219 438 1290 (columella)
484 1222 655 1275 dabat
698 1221 1084 1293 (concedebat,

104 1306 418 1379 designabat
436 1308 679 1378 spatium
701 1309 842 1380 agri,
875 1308 972 1379 qui
996 1325 1085 1362 sa-

103 1409 182 1445 oer
236 1402 384 1448 emet
425 1395 715 1448 communi
751 1394 1085 1465 sepulcr-eto,

104 1477 169 1532 ita
202 1478 469 1551 quidem,
540 1489 607 1533 ut
659 1479 803 1533 illud
841 1480 1084 1551 spatium

103 1563 161 1616 ab
184 1573 418 1619 externa
443 1566 626 1635 parte)
645 1564 1083 1633 infronte(uos=

104 1650 154 1700 in
178 1651 271 1704 der
288 1652 514 1719 Breite)
535 1652 693 1705 mille
711 1652 900 1724 pedes,
929 1649 1086 1723 quod

104 1751 217 1790 vero
237 1746 599 1807 procurreret
623 1739 687 1790 in
710 1756 904 1805 agrum
928 1737 1083 1808 (nost

104 1823 154 1872 in
203 1824 299 1876 der
348 1824 554 1892 Tiefe)
608 1837 872 1878 trecentos
920 1823 1086 1892 pedes
1134 1841 1137 1844 ·

101 1907 434 1979 contineret,
486 1909 593 1961 hac
635 1909 853 1962 adiecta
892 1907 1087 1961 condi-

102 1992 262 2048 tione:
297 1995 565 2049 haeredes
593 2008 991 2048 monumentum
1019 2012 1089 2047 ne

100 2091 427 2149 sequeretur,
474 2079 531 2132 h.
563 2096 612 2135 e.
656 2097 731 2136 ne
765 2080 874 2132 hoc
904 2096 1088 2132 sacra-

97 2173 206 2217 tum
244 2174 683 2218 monumentum
720 2164 796 2218 ad
824 2164 1089 2218 haeredes

98 2251 437 2320 perveniret,
508 2251 621 2304 sive
665 2267 738 2305 ne
782 2250 915 2321 quid
950 2251 1088 2303 iuris

99 2335 152 2388 in
188 2337 296 2390 hoc
344 2347 782 2391 mouumentum
823 2335 1089 2389 haeredes

97 2419 375 2478 habereut.
408 2450 495 2463 —
523 2424 713 2495 cippus
737 2424 855 2477 iam
884 2432 967 2476 est
990 2439 1086 2475 co-

102 2505 347 2577 lumella,
402 2510 466 2562 in
508 2528 620 2581 qua
657 2510 799 2564 fines
841 2508 934 2563 vel
973 2517 1089 2561 ter-

102 2594 229 2646 mini
252 2595 413 2667 agri,
458 2596 748 2649 communi
777 2595 1088 2665 sepulcreto

100 2677 289 2747 dicati,
380 2680 642 2751 descripti
703 2691 761 2735 et
818 2678 1093 2752 designati

99 2763 351 2832 suerunt,
422 2775 488 2819 et
530 2766 760 2838 quidem
800 2766 915 2822 sic:
991 2765 1089 2818 IN.

100 2850 198 2905 PR.
224 2855 287 2906 P.
320 2879 398 2891 —
429 2853 532 2906 IN.
560 2854 681 2907 AG.
714 2854 773 2905 P.
806 2852 893 2919 (In
919 2853 1091 2903 Fron-

100 2944 153 2989 te
189 2938 439 2994 Pedum·
476 2967 567 2982 —
622 2940 690 2990 In
732 2941 945 3009 Agrum
986 2938 1087 2989 Pe-

101 3023 230 3076 dum
253 3026 361 3085 -)
409 3023 613 3078 additis
641 3042 709 3077 ex
737 3022 984 3075 formula
1004 3038 1090 3074 so-

102 3106 268 3161 lemni
291 3110 493 3164 litteris
520 3110 637 3162 his:
680 3111 753 3162 H.
781 3110 864 3162 M.
884 3109 954 3160 H.
972 3108 1071 3159 Ex

101 3195 164 3246 Τ.
202 3196 272 3246 Ν.
313 3198 369 3251 S.
444 3197 605 3264 (Hoc
647 3196 1092 3248 Monumentum

102 3278 369 3335 Haeredes
393 3282 481 3334 Ex
509 3282 865 3334 Testamento
892 3280 979 3333 Ne
995 3278 1093 3332 Se-

102 3369 326 3436 quatur)
369 3366 443 3421 cf.
488 3366 748 3422 Lambin.

182 3517 239 3554 v.
269 3502 348 3559 15.
394 3504 615 3572 Aggere
654 3505 716 3555 in
752 3503 958 3571 aprico.
999 3501 1094 3554 In-

102 3593 363 3657 tei-protes
376 3588 708 3660 intelligunt
727 3588 975 3641 vicinum
986 3588 1098 3658 Ag-

100 3688 291 3740 gerem
320 3694 353 3728 a
378 3674 691 3744 Tarquinio
718 3674 969 3743 Superbo
1001 3689 1097 3725 ex-

101 3768 368 3814 structum
384 3797 402 3828 ‚
480 3760 759 3813 orientem
798 3776 985 3812 versus
1025 3758 1099 3811 ab

103 3843 244 3896 urbe
283 3846 477 3913 situm3
520 3846 619 3899 sed
649 3864 825 3914 agger
854 3844 926 3897 de
958 3860 1099 3913 quo-

106 3929 182 3980 vis
213 3929 325 3984 alio
345 3931 469 3985 loco
498 3931 739 3984 editiore
768 3929 946 3998 accipi
972 3937 1097 3998 pot-

107 4023 207 4066 est.
254 4016 399 4088 Virg.
443 4020 577 4071 Aen.
620 4019 759 4084 XII,
815 4012 937 4070 446.
1005 4014 1100 4065 Vi·-

109 4101 196 4150 dit
243 4103 309 4152 ab
335 4104 560 4158 adverso
584 4105 861 4158 venientes
892 4110 1101 4168 aggere

1173 1221 1409 1277 Turnus.
1439 1252 1510 1264 —
1540 1239 1647 1295 pro
1681 1239 1786 1295 quo
1821 1232 1977 1278 recte
2003 1225 2169 1279 Bent-

1168 1308 1312 1363 leius
1352 1328 1493 1381 qua
1536 1311 1636 1378 (sc.
1666 1316 1859 1379 parte,
1903 1311 2025 1378 uhi)
2055 1312 2170 1383 legi

1165 1394 1341 1450 iussit.
1383 1397 1565 1465 modo,
1589 1403 1721 1450 unte
1742 1393 1915 1450 breve
1936 1404 2173 1468 tempus.

1251 1533 1303 1568 v.
1332 1513 1418 1570 16.
1462 1516 1798 1586 spectabant.
1822 1513 2011 1568 Schol.
2035 1517 2171 1569 Por-

1165 1598 1328 1671 phyr.
1404 1601 1855 1669 manifestissima
1916 1597 2171 1670 ἔλλειψις.

1170 1685 1304 1738 Non
1348 1686 1538 1756 utique
1580 1686 1720 1753 alii,
1791 1703 1952 1757 quam
1996 1678 2170 1737 h‘omi-

1169 1788 1305 1840 nes,
1358 1772 1786 1839 intelligendum
1800 1791 1823 1835 ,·
1877 1769 1975 1823 sed
2017 1771 2174 1825 adest

1167 1872 1280 1910 vox
1334 1858 1523 1910 tristes
1578 1872 1655 1908 sc.
1713 1855 1785 1910 de
1825 1856 1937 1908 hoc
1978 1857 2174 1926 adspe-
2245 1886 2250 1894 ·

1172 1951 1270 1997 otu
1285 1980 1305 2012 ,
1376 1942 1447 1996 de
1489 1941 1730 1997 mortuis
1761 1950 1829 1995 ¹et
1869 1941 1952 1995 ihi
1992 1943 2175 2014 sepul-

1165 2027 1259 2083 tis.

1256 2133 1310 2168 v.
1325 2113 1413 2169 17.
1457 2131 1581 2167 cum
1603 2113 1747 2166 mihi
1767 2119 1901 2166 cett.
1924 2130 2030 2183 pro
2054 2133 2178 2169 cum

1170 2199 1340 2266 mihi,
1393 2199 1576 2270 posita
1601 2208 1730 2271 post
1755 2217 1952 2266 agrum
1980 2198 2177 2252 distin-

1172 2284 1358 2337 ctione
1399 2284 1655 2352 minore,
1707 2283 1942 2340 malim:
2007 2285 2060 2336 D
2077 2293 2182 2337 um·

1168 2371 1326 2441 mihi.
1352 2371 1648 2437 (wiihrend
1689 2372 1825 2440 mir)
1879 2387 1955 2423 sc.
2000 2370 2180 2424 donec

1172 2457 1573 2528 spectabantur
1625 2473 1747 2510 ossa
1788 2456 1850 2508 in
1892 2456 2177 2528 Esquiliis,

1174 2542 1354 2596 donec
1410 2543 1475 2595 iu
1532 2542 1797 2616 Esquiliis
1851 2541 1964 2595 fuit
2020 2561 2175 2596 com-

1174 2645 1350 2682 mune
1393 2626 1750 2698 sepulcrum3
1804 2637 1998 2682 narrat
2025 2628 2180 2683 enim

1173 2714 1410 2784 Priapus
1449 2730 1576 2769 rem
1595 2751 1613 2780 ‚
1657 2729 1832 2785 quae,
1875 2723 2176 2784 antequam

1173 2800 1563 2871 sepulcrorum
1631 2798 1792 2851 locus
1855 2798 1918 2851 in
1984 2798 2180 2854 hortos

1174 2886 1518 2951 mutabatur,
1558 2883 1715 2939 facta
1739 2892 1851 2952 est3
1894 2883 2028 2937 hinc
2052 2903 2180 2955 par-

1172 2971 1351 3026 ticula
1407 2989 1529 3024 cum
1568 2988 1682 3023 non
1728 2987 1860 3022 cum
1900 2970 2180 3024 Heindor-

1164 3058 1259 3126 fio
1301 3056 1374 3110 ad
1418 3075 1562 3110 nunc
1603 3057 1664 3109 iu
1692 3073 1836 3109 vers.
1865 3051 1947 3109 14.
1978 3057 2078 3109 sed
2108 3056 2182 3111 ad

1075 3145 1088 3160 ⁶
1173 3160 1397 3197 versum
1429 3140 1857 3213 praecedentem
1884 3141 2183 3195 referenda

1176 3238 1276 3284 est.
1321 3257 1408 3271 —
1449 3234 1662 3294 suetae,
1726 3243 1870 3297 quae
1911 3227 2180 3281 solebant.

1266 3348 1320 3384 V.
1348 3330 1432 3384 19.
1499 3342 1787 3400 quantum,
1848 3330 2185 3381 carminibus

1180 3434 1322 3487 quae
1364 3424 1494 3470 cett.
1525 3424 1802 3487 quantum
1843 3414 1982 3466 mihi
2013 3431 2184 3466 curae

1180 3510 1313 3556 suut
1353 3517 1451 3555 eae
1470 3539 1487 3568 ,
1568 3499 1812 3561 (scilicet
1853 3499 2181 3568 veneficae)

1182 3574 1328 3659 quae
1383 3576 1643 3639 formulis
1696 3583 1930 3653 magicis
1987 3592 2045 3635 et
2097 3585 2184 3638 in-

1183 3671 1591 3726 cantationibus
1633 3670 1927 3721 homiuum
1967 3669 2185 3723 animos

1177 3770 1406 3813 versant
1451 3756 1509 3809 h.
1555 3773 1605 3808 e.
1647 3754 1890 3825 agitant,
1959 3771 2187 3823 perver-

1178 3852 1326 3910 tunt,
1367 3841 1648 3912 defigunt,
1692 3839 1784 3891 vel
1826 3847 1890 3891 ut
1919 3839 2187 3913 Virgilius

1180 3928 1403 3998 (Eclog.
1447 3926 1602 3993 vm,
1653 3924 1767 3994 66.)
1808 3925 1870 3978 in
1910 3944 1975 3979 re
2015 3927 2188 3982 simili

1181 4012 1468 4081 loquitur,
1556 4027 1729 4063 sanos
1782 4028 1979 4066 sensus
2032 4030 2188 4066 aver-

1186 4109 1326 4150 tunt.
1360 4124 1434 4139 -
1472 4097 1698 4151 venenis
1725 4124 1812 4140 —
1835 4114 1937 4170 per
1977 4114 2191 4151 venena
