2682 4858
508 255 1282 352 Erts'romavm
1326 254 1520 326 Lm.
1567 253 1631 335 1,
1704 262 1764 325 s.

2060 264 2193 328 269

157 435 330 529 Quid
378 435 616 513 Titius
635 488 657 529 ‚
709 432 1040 508 Romana
1086 427 1294 505 brevi
1345 444 1699 500 venturus
1749 424 1827 500 in
1884 452 2036 522 ora,

151 553 749 632 Pindarici·f0ntis
798 552 934 656 qui
982 578 1139 626 non
1192 547 1540 649 expalluit
1585 544 1931 643 haustuS,

2096 565 2189 626 10

149 677 461 753 Fastidire
507 678 752 771 lacuS,
807 693 886 748 et
932 672 1125 748 rivos
1179 697 1402 745 ausus
1455 663 1793 768 apertos?

148 798 237 873 Vt
274 796 502 877 valet?
556 817 639 870 ut
687 792 1020 869 meminit
1069 788 1362 866 nostri?
1428 788 1797 863 fidibusne
1848 786 2121 863 Latinis

148 916 504 993 Thebanos
557 940 802 1023 aptare
854 909 1114 988 modos
1165 909 1447 1003 studet,
1502 908 1798 1007 auspice
1850 896 2121 983 Musa?

147 1038 252 1111 An
287 1039 550 1140 tragica
601 1032 919 1110 desaevit
968 1052 1042 1105 et
1094 1031 1531 1132 ampullatur
1586 1030 1662 1102 ‘m
1716 1026 1924 1102 arte?

150 1157 329 1246 Quid
375 1157 557 1233 mihi
611 1156 863 1232 Celsus
917 1150 1116 1257 agit?
1167 1149 1491 1225 monitus
1544 1149 2009 1250 multumque
2044 1179 2198 1226 mo-

1457 1270 1776 1361 nendus»,
2108 1287 2142 1347 1
2159 1282 2200 1348 5

145 1395 431 1475 Privatus
480 1420 569 1474 ut
617 1415 918 1501 quaerat
968 1420 1184 1497 opes,
1239 1414 1312 1468 et
1363 1413 1659 1496 tangere
1710 1390 1887 1468 vitet

215 1749 263 1785 v.
299 1730 353 1788 9.
438 1732 627 1786 Titius
655 1757 748 1774 -—
778 1729 954 1784 'Titius
988 1731 1121 1800 Sep-

149 1817 340 1888 timius,
415 1836 590 1890 eques
656 1821 946 1873 Romanus
1021 1818 1122 1884 (ut

1202 1741 1324 1783 tare
1370 1738 1428 1783 et
1468 1726 1576 1783 Od.
1633 1729 1725 1783 IV.
1787 1723 1854 1794 9,
1918 1719 1991 1783 4.
2034 1728 2204 1781 verba

1205 1817 1363 1887 loqui
1402 1816 1669 1869 socianda
1713 1814 1956 1868 chordis.
1984 1840 2074 1856 —-
2102 1833 2201 1866 au-
2278 1854 2283 1871 ,

147 1901 293 1956 docet
329 1904 747 1976 Porphyrius),
802 1902 957 1955 idem
1016 1911 1115 1966 est,
1189 1904 1352 1971 «spice
1392 1903 1592 1969 Musa,
1634 1898 1952 1970 adspirante
1989 1900 2081 1953 vel
2116 1900 2202 1953 fa-

146 2004 294 2057 quem
332 1991 603 2044 Horatius
656 2004 808 2057 supr.
868 1988 978 2042 od.
1042 1988 1120 2053 11,

147 2073 190 2127 6.
205 2083 264 2126 ut
287 2085 572 2147 spectatae
599 2074 735 2127 fidei
766 2074 1011 2126 amicum
1029 2090 1121 2125 ce-

141 2156 331 2227 lebrat3
368 2163 484 2217 h.1.
506 2176 638 2213 eum
654 2169 717 2211 ut
734 2168 956 2229 poetam
971 2156 1124 2211 haud

143 2244 411 2316 vulgarem
434 2246 656 2313 laudat,
701 2254 757 2298 et
782 2244 916 2298 infr.
947 2244 1123 2314 Epist.

146 2328 192 2397 9,
227 2326 275 2386 4.
313 2342 379 2387 ut
430 2335 665 2403 dignum
724 2342 901 2385 mente
942 2331 1128 2382 domo-

147 2434 236 2485 que
262 2417 498 2475 honesta
545 2418 787 2471 Neronis
838 2432 1131 2470 commen-

149 2498 249 2556 dat.
985 2535 994 2544 ,

216 2605 269 2654 γ.
309 2592 392 2646 10.
481 2591 651 2644 Pina,
670 2587 727 2659 s
757 2589 858 2662 qui
893 2606 1007 2642 non
1036 2606 1130 2642 ex-

148 2674 270 2740 pell.
298 2677 503 2746 hatest„
545 2676 643 2748 qui
687 2693 722 2728 a
763 2675 849 2728 rei
890 2690 1130 2746 magnae

149 2771 366 2830 conatu,
423 2764 497 2817 ab
543 2762 748 2835 liaustu
787 2762 963 2814 fontis
1001 2760 1132 2814 Pin-

150 2842 308 2899 darici
332 2884 349 2914 ,
413 2866 475 2901 se
513 2864 634 2900 non
676 2846 949 2899 deterreri
1005 2862 1133 2916 pas-

147 2945 228 2982 sus
266 2941 375 3002 est,
460 2933 522 2987 h.
586 2950 634 2985 e.
676 2932 773 3002 qui
829 2948 995 2984 ausus
1049 2938 1133 2983 est

147 3011 344 3071 imitari
368 3019 682 3075 Pindarum
699 3037 716 3084 ς
732 3045 819 3059 —-
842 3018 1134 3086 expalluit,

148 3105 384 3172 expavit,
430 3104 721 3158 exhorruit
736 3139 753 3170 ,
801 3102 1074 3155 extimuit.

223 3204 273 3242 v.
316 3190 405 3244 11.
494 3190 769 3242 Fastidire
798 3189 952 3240 lacus
996 3195 1133 3242 cett.

146 3272 239 3341 qui
291 3291 461 3331 ausus
521 3284 606 3330 est
663 3275 928 3345 vulgares
981 3272 1138 3326 lacus

144 3366 199 3410 et
234 3359 381 3414 rivos
425 3360 634 3432 cuique
687 3369 945 3431 patentes
1001 3376 1135 3411 con-

145 3448 384 3501 temnere
399 3483 417 3513 ,
493 3446 554 3500 h.
611 3463 660 3500 e.
713 3463 751 3499 a
812 3445 1138 3516 vulgarium

144 3540 435 3598 poetarum
477 3548 652 3603 grege
692 3548 753 3584 se
781 3547 1091 3584 secernere.

222 3633 276 3669 v.
320 3618 407 3673 13.
489 3617 604 3686 fid.
644 3617 768 3669 Lat.
807 3614 976 3668 Theb.
1023 3628 1137 3685 apt.

143 3702 278 3755 mod.
330 3730 421 3745 —-
465 3704 760 3755 Thebanos
801 3703 989 3753 modos
1020 3702 1138 3770 Lc-

142 3786 264 3838 sinis
294 3789 523 3855 fidibus
566 3801 758 3857 aptare
815 3795 929 3840 est=
989 3786 1139 3839 The-

140 3867 311 3925 banos
352 3875 557 3929 modos
596 3871 902 3926 transferre
933 3879 990 3924 et
1016 3888 1141 3924 mo-

142 3954 318 4012 derari
375 3959 452 4012 ad
506 3958 647 4012 fides
698 3958 944 4021 Latinas,
989 3955 1048 4008 h.
1090 3971 1143 4008 e.

141 4057 367 4098 carmen
408 4043 778 4098 Pindaricum
812 4040 989 4094 latino
1019 4058 1141 4093 car-

140 4128 289 4183 mine
329 4130 578 4197 imitari3
620 4146 772 4201 supr.
802 4126 915 4182 Od.
941 4126 1016 4179 11.
1054 4125 1140 4190 12,

140 4205 194 4266 4·
241 4215 443 4271 molles
486 4217 681 4271 modos
736 4212 992 4273 citharae
1048 4229 1147 4284 ap-

1204 1997 1374 2042 vente
1414 1990 1596 2041 Musa„

1290 2130 1344 2168 v.
1365 2109 1448 2168 14.
1466 2112 1548 2167 15.
1608 2112 1693 2164 Αη
1722 2115 1941 2181 tragica
1970 2122 2103 2167 cett.
2132 2131 2207 2167 an

1203 2198 1265 2252 iu
1338 2198 1647 2252 scribendis
1716 2198 2019 2269 tragoediis
2082 2216 2209 2251 ver-

1205 2302 1332 2339 sans
1396 2285 1618 2355 poetico
1659 2284 1853 2336 furore
1888 2284 2207 2353 corripitur,

1208 2381 1267 2424 et
1308 2370 1511 2424 altiore
1566 2370 1768 2441 spiritu
1828 2369 2058 2423 inflatus
2120 2387 2211 2423 su-

1208 2456 1479 2511 blimiora
1547 2456 1813 2509 affectat?
1889 2482 1976 2496 —-
2053 2459 2209 2511 Dum

1207 2543 1408 2596 laudat
1449 2543 1716 2595 Horatius
1756 2539 2003 2594 amicum
2043 2557 2213 2596 suum

1212 2630 1464 2696 Titium,
1509 2628 1749 2681 eundem
1789 2627 1962 2679 simul
1986 2636 2049 2680 ut
2076 2645 2213 2697 poe-

1210 2724 1332 2768 tam
1373 2713 1670 2784 turgidum
1720 2723 1921 2767 notare
1973 2713 2234 2769 videtur..

1217 2799 1508 2854 Eiusmodi
1591 2798 1749 2852 enim
1850 2798 2211 2868 reprehensio

1212 2885 1353 2939 latet
1403 2885 1465 2937 in
1520 2885 1751 2937 vocibus
1816 2885 2102 2939 desaevire
2157 2895 2216 2938 et

1218 2971 1533 3042 ampullari.
1575 2997 1664 3014 ·—
1718 2970 1868 3039 Quid
1908 2972 2047 3023 mihi
2092 2973 2214 3040 agit

1214 3084 1304 3098 —-
1345 3057 1519 3123 mihi,
1563 3057 1693 3122 tibi,
1737 3056 1867 3121 sihi,
1915 3056 2088 3121 nobis,
2119 3075 2217 3108 vo-

1218 3139 1304 3196 bis
1341 3140 1561 3213 saepius
1604 3158 1739 3194 cum
1779 3141 1838 3195 vi
1879 3141 2121 3211 quadam
2152 3142 2215 3195 in

1218 3229 1360 3282 salse
1422 3235 1522 3280 aut
1576 3225 1762 3280 iocose
1817 3226 1984 3279 dictis
2038 3227 2221 3279 abun-

1220 3314 1391 3380 dant3
1432 3311 1562 3365 vide
1604 3329 1743 3383 quos
1793 3311 1855 3365 in
1894 3311 2040 3365 hanc
2094 3327 2220 3365 rem

1215 3399 1567 3454 laudavimus
1624 3397 1697 3450 ad
1753 3397 1969 3452 Catull.
2023 3398 2219 3450 XXIV.

1218 3484 1269 3540 4.
1314 3510 1403 3526 --
1447 3485 1653 3552 Celsus,
1702 3492 1899 3553 poeta,
1942 3481 2038 3553 qui
2081 3481 2222 3534 alio-

1218 3588 1350 3624 rum
1404 3569 1611 3624 scrinia
1670 3566 2045 3637 compilabat3
2102 3566 2223 3618 for-

1217 3665 1364 3710 tasse
1406 3655 1560 3708 idem
1607 3653 1795 3705 Celsus
1823 3652 2225 3720 Albinovanus,

1218 3741 1403 3796 scriba
1443 3737 1695 3805 Tiberii,
1759 3735 1833 3790 ad
1875 3753 2044 3807 quem
2085 3736 2226 3790 scri-

1219 3837 1320 3899 pta
1363 3835 1447 3882 est
1488 3823 1742 3894 Epistola
1782 3821 2010 3876 Octava.

1311 3971 1366 4008 v.
1390 3949 1482 4008 16.
1570 3950 1833 4002 Privatos
1874 3960 1939 4001 ut
1995 3962 2229 4020 quaerat

1228 4054 1374 4108 opes,
1421 4044 1558 4092 cett.
1601 4045 1667 4089 ut
1707 4035 1999 4089 doctrinae
2040 4036 2230 4106 copias

1228 4139 1298 4176 ex
1355 4138 1414 4174 se
1470 4122 1588 4193 ipso
1645 4121 1899 4187 hauriat,
1986 4136 2104 4174 non
2160 4135 2228 4172 ex

1228 4208 1475 4265 aliorum
1515 4206 1769 4280 scriptis,
1835 4224 1983 4281 quae
2036 4206 2101 4260 in
2141 4205 2228 4259 hi-
